ts,mid,bid_size,ask_size
2020-01-01 00:00:00+00:00,100.003983779023,381.0,257.0
2020-01-01 00:00:02+00:00,100.00335220601251,243.0,386.0
2020-01-01 00:00:04+00:00,99.98945083247628,111.0,102.0
2020-01-01 00:00:06+00:00,100.02009047850801,351.0,99.0
2020-01-01 00:00:08+00:00,99.99283750062612,248.0,101.0
2020-01-01 00:00:10+00:00,100.00379183160446,375.0,89.0
2020-01-01 00:00:12+00:00,100.00416739081966,350.0,341.0
2020-01-01 00:00:14+00:00,100.00896008128102,149.0,333.0
2020-01-01 00:00:16+00:00,100.00892609249915,62.0,239.0
2020-01-01 00:00:18+00:00,100.01334281600697,250.0,205.0
2020-01-01 00:00:20+00:00,100.02657339236491,392.0,266.0
2020-01-01 00:00:22+00:00,100.01497906557938,76.0,318.0
2020-01-01 00:00:24+00:00,100.00586581248233,199.0,52.0
2020-01-01 00:00:26+00:00,100.0123647486704,268.0,179.0
2020-01-01 00:00:28+00:00,100.01230142862511,297.0,73.0
2020-01-01 00:00:30+00:00,100.01951043050151,272.0,250.0
2020-01-01 00:00:32+00:00,99.99814925137989,323.0,355.0
2020-01-01 00:00:34+00:00,99.99225452627655,138.0,230.0
2020-01-01 00:00:36+00:00,99.99670552706318,180.0,169.0
2020-01-01 00:00:38+00:00,100.00388433273915,138.0,169.0
2020-01-01 00:00:40+00:00,99.99094571343487,343.0,53.0
2020-01-01 00:00:42+00:00,100.00719503986713,226.0,99.0
2020-01-01 00:00:44+00:00,99.9928169695665,93.0,370.0
2020-01-01 00:00:46+00:00,99.96366838604038,363.0,152.0
2020-01-01 00:00:48+00:00,99.99496838384616,204.0,75.0
2020-01-01 00:00:50+00:00,99.99541867856495,235.0,275.0
2020-01-01 00:00:52+00:00,99.95588543917519,70.0,225.0
2020-01-01 00:00:54+00:00,99.96676553506614,139.0,166.0
2020-01-01 00:00:56+00:00,99.99217505051382,370.0,374.0
2020-01-01 00:00:58+00:00,99.97416753518269,118.0,127.0
2020-01-01 00:01:00+00:00,99.9803929254348,274.0,192.0
2020-01-01 00:01:02+00:00,99.99930139425156,281.0,50.0
2020-01-01 00:01:04+00:00,99.99719973567693,59.0,85.0
2020-01-01 00:01:06+00:00,99.99335430425648,161.0,159.0
2020-01-01 00:01:08+00:00,99.9894137359882,393.0,230.0
2020-01-01 00:01:10+00:00,100.01407688569395,147.0,365.0
2020-01-01 00:01:12+00:00,100.01594020026776,352.0,287.0
2020-01-01 00:01:14+00:00,100.02678182279374,193.0,53.0
2020-01-01 00:01:16+00:00,100.01882118263521,381.0,341.0
2020-01-01 00:01:18+00:00,100.02443442340767,238.0,69.0
2020-01-01 00:01:20+00:00,100.00558951591553,164.0,87.0
2020-01-01 00:01:22+00:00,100.01367191205576,118.0,270.0
2020-01-01 00:01:24+00:00,99.99078012196978,238.0,308.0
2020-01-01 00:01:26+00:00,99.99637646345626,123.0,109.0
2020-01-01 00:01:28+00:00,100.01148350211395,254.0,188.0
2020-01-01 00:01:30+00:00,100.01798600444728,136.0,260.0
2020-01-01 00:01:32+00:00,99.99442023424007,242.0,157.0
2020-01-01 00:01:34+00:00,100.01507633086563,159.0,141.0
2020-01-01 00:01:36+00:00,100.01225337027513,140.0,342.0
2020-01-01 00:01:38+00:00,100.01245328656543,168.0,254.0
2020-01-01 00:01:40+00:00,100.0089853201838,164.0,325.0
2020-01-01 00:01:42+00:00,100.01063013303789,300.0,329.0
2020-01-01 00:01:44+00:00,100.02694359924915,307.0,182.0
2020-01-01 00:01:46+00:00,100.03864985137014,325.0,258.0
2020-01-01 00:01:48+00:00,100.02513857500524,109.0,73.0
2020-01-01 00:01:50+00:00,100.04469668243371,360.0,310.0
2020-01-01 00:01:52+00:00,100.04436410045204,128.0,125.0
2020-01-01 00:01:54+00:00,100.04154516092969,71.0,99.0
2020-01-01 00:01:56+00:00,100.03530438039743,362.0,176.0
2020-01-01 00:01:58+00:00,100.06194958600159,243.0,387.0
2020-01-01 00:02:00+00:00,100.03805633163306,189.0,242.0
2020-01-01 00:02:02+00:00,100.01855104271556,137.0,148.0
2020-01-01 00:02:04+00:00,100.04041609569333,157.0,371.0
2020-01-01 00:02:06+00:00,100.02652091120672,106.0,240.0
2020-01-01 00:02:08+00:00,100.0298820746845,118.0,135.0
2020-01-01 00:02:10+00:00,100.02572181800464,345.0,348.0
2020-01-01 00:02:12+00:00,100.0327571370687,171.0,333.0
2020-01-01 00:02:14+00:00,100.05118911838458,393.0,394.0
2020-01-01 00:02:16+00:00,100.05071931844202,260.0,153.0
2020-01-01 00:02:18+00:00,100.04883158989372,324.0,193.0
2020-01-01 00:02:20+00:00,100.04365596211494,51.0,103.0
2020-01-01 00:02:22+00:00,100.04575688264794,57.0,275.0
2020-01-01 00:02:24+00:00,100.04316688940732,121.0,80.0
2020-01-01 00:02:26+00:00,100.06776944413193,340.0,155.0
2020-01-01 00:02:28+00:00,100.06735924097222,360.0,224.0
2020-01-01 00:02:30+00:00,100.06947365546533,59.0,251.0
2020-01-01 00:02:32+00:00,100.0469346880933,191.0,241.0
2020-01-01 00:02:34+00:00,100.04025127342965,134.0,311.0
2020-01-01 00:02:36+00:00,100.04792026343169,109.0,228.0
2020-01-01 00:02:38+00:00,100.04839365261368,283.0,96.0
2020-01-01 00:02:40+00:00,100.04642014716086,273.0,344.0
2020-01-01 00:02:42+00:00,100.02479995464563,175.0,157.0
2020-01-01 00:02:44+00:00,100.04749586218962,248.0,254.0
2020-01-01 00:02:46+00:00,100.05456643286097,171.0,101.0
2020-01-01 00:02:48+00:00,100.05790137466285,251.0,323.0
2020-01-01 00:02:50+00:00,100.03929624490098,248.0,395.0
2020-01-01 00:02:52+00:00,100.04817196196981,343.0,259.0
2020-01-01 00:02:54+00:00,100.07389939934886,377.0,167.0
2020-01-01 00:02:56+00:00,100.06589013635197,78.0,178.0
2020-01-01 00:02:58+00:00,100.05955933638698,131.0,259.0
2020-01-01 00:03:00+00:00,100.05035070250177,366.0,252.0
2020-01-01 00:03:02+00:00,100.06792715661871,184.0,344.0
2020-01-01 00:03:04+00:00,100.05322240927606,326.0,272.0
2020-01-01 00:03:06+00:00,100.06408901107362,156.0,318.0
2020-01-01 00:03:08+00:00,100.04732687851782,219.0,259.0
2020-01-01 00:03:10+00:00,100.04750079317778,119.0,279.0
2020-01-01 00:03:12+00:00,100.05172667618793,353.0,194.0
2020-01-01 00:03:14+00:00,100.0665494478537,92.0,220.0
2020-01-01 00:03:16+00:00,100.06768904946891,225.0,301.0
2020-01-01 00:03:18+00:00,100.07264391989281,285.0,351.0
2020-01-01 00:03:20+00:00,100.06241130311795,104.0,282.0
2020-01-01 00:03:22+00:00,100.06378078758223,305.0,217.0
2020-01-01 00:03:24+00:00,100.07983793333999,86.0,102.0
2020-01-01 00:03:26+00:00,100.04951406588968,123.0,281.0
2020-01-01 00:03:28+00:00,100.04714624976387,57.0,243.0
2020-01-01 00:03:30+00:00,100.04174747787825,229.0,172.0
2020-01-01 00:03:32+00:00,100.067424703973,278.0,263.0
2020-01-01 00:03:34+00:00,100.07051609627588,379.0,148.0
2020-01-01 00:03:36+00:00,100.07161036347216,271.0,146.0
2020-01-01 00:03:38+00:00,100.06890429386054,168.0,383.0
2020-01-01 00:03:40+00:00,100.05122197592888,290.0,280.0
2020-01-01 00:03:42+00:00,100.06462395300476,213.0,65.0
2020-01-01 00:03:44+00:00,100.05604045000895,133.0,73.0
2020-01-01 00:03:46+00:00,100.05336535946259,256.0,263.0
2020-01-01 00:03:48+00:00,100.0470451976829,78.0,61.0
2020-01-01 00:03:50+00:00,100.05465281690361,73.0,159.0
2020-01-01 00:03:52+00:00,100.0456419153504,391.0,294.0
2020-01-01 00:03:54+00:00,100.05797744320652,334.0,292.0
2020-01-01 00:03:56+00:00,100.0574476065739,278.0,254.0
2020-01-01 00:03:58+00:00,100.07244425546017,251.0,330.0
2020-01-01 00:04:00+00:00,100.04362162893285,291.0,83.0
2020-01-01 00:04:02+00:00,100.05298081695804,238.0,223.0
2020-01-01 00:04:04+00:00,100.04858175027537,242.0,348.0
2020-01-01 00:04:06+00:00,100.03588521982309,328.0,274.0
2020-01-01 00:04:08+00:00,100.03323448712796,359.0,352.0
2020-01-01 00:04:10+00:00,100.02375454839716,271.0,235.0
2020-01-01 00:04:12+00:00,100.00372296994605,147.0,199.0
2020-01-01 00:04:14+00:00,99.98989824195054,193.0,214.0
2020-01-01 00:04:16+00:00,100.00514371827981,153.0,66.0
2020-01-01 00:04:18+00:00,99.99015693829867,204.0,117.0
2020-01-01 00:04:20+00:00,99.99999074376953,143.0,228.0
2020-01-01 00:04:22+00:00,99.97589434372622,383.0,396.0
2020-01-01 00:04:24+00:00,100.00069554072165,219.0,262.0
2020-01-01 00:04:26+00:00,99.9988084848792,220.0,377.0
2020-01-01 00:04:28+00:00,99.99190282083767,311.0,115.0
2020-01-01 00:04:30+00:00,100.01021731284698,254.0,207.0
2020-01-01 00:04:32+00:00,100.01331704133396,326.0,77.0
2020-01-01 00:04:34+00:00,100.01468205302585,262.0,226.0
2020-01-01 00:04:36+00:00,100.01810326847017,376.0,191.0
2020-01-01 00:04:38+00:00,100.033321516478,201.0,326.0
2020-01-01 00:04:40+00:00,100.04011299130431,84.0,343.0
2020-01-01 00:04:42+00:00,100.03406879255867,266.0,293.0
2020-01-01 00:04:44+00:00,100.04180148488278,215.0,255.0
2020-01-01 00:04:46+00:00,100.0355316251174,137.0,149.0
2020-01-01 00:04:48+00:00,100.02181592246266,114.0,161.0
2020-01-01 00:04:50+00:00,100.02432106683429,310.0,111.0
2020-01-01 00:04:52+00:00,100.03624541073424,130.0,156.0
2020-01-01 00:04:54+00:00,100.00649930714656,129.0,194.0
2020-01-01 00:04:56+00:00,100.00007231583848,192.0,372.0
2020-01-01 00:04:58+00:00,100.00506037322278,151.0,75.0
2020-01-01 00:05:00+00:00,100.02521997063087,346.0,333.0
2020-01-01 00:05:02+00:00,100.018400236801,216.0,241.0
2020-01-01 00:05:04+00:00,99.98562262482693,319.0,141.0
2020-01-01 00:05:06+00:00,100.00909515719049,295.0,237.0
2020-01-01 00:05:08+00:00,100.00795758632283,117.0,91.0
2020-01-01 00:05:10+00:00,100.01946392674328,205.0,310.0
2020-01-01 00:05:12+00:00,99.995601766708,348.0,100.0
2020-01-01 00:05:14+00:00,99.99735442690006,391.0,321.0
2020-01-01 00:05:16+00:00,100.01231740811234,173.0,300.0
2020-01-01 00:05:18+00:00,99.98320998719267,296.0,377.0
2020-01-01 00:05:20+00:00,99.99610999347092,136.0,52.0
2020-01-01 00:05:22+00:00,100.01744875020972,225.0,186.0
2020-01-01 00:05:24+00:00,100.00268886157963,273.0,117.0
2020-01-01 00:05:26+00:00,99.97725019020714,134.0,279.0
2020-01-01 00:05:28+00:00,99.96170657282283,365.0,332.0
2020-01-01 00:05:30+00:00,99.96910835614433,238.0,53.0
2020-01-01 00:05:32+00:00,99.94732286288648,103.0,277.0
2020-01-01 00:05:34+00:00,99.93046761546962,214.0,348.0
2020-01-01 00:05:36+00:00,99.93040373568395,348.0,398.0
2020-01-01 00:05:38+00:00,99.93211997764385,351.0,170.0
2020-01-01 00:05:40+00:00,99.94917940033929,299.0,108.0
2020-01-01 00:05:42+00:00,99.94742179204597,136.0,360.0
2020-01-01 00:05:44+00:00,99.94229851752313,149.0,323.0
2020-01-01 00:05:46+00:00,99.94729685641484,277.0,97.0
2020-01-01 00:05:48+00:00,99.97593736711605,153.0,228.0
2020-01-01 00:05:50+00:00,99.94940407881504,204.0,70.0
2020-01-01 00:05:52+00:00,99.9995013754629,309.0,304.0
2020-01-01 00:05:54+00:00,100.00766718150192,374.0,291.0
2020-01-01 00:05:56+00:00,100.01107730974478,86.0,221.0
2020-01-01 00:05:58+00:00,99.99798737741715,77.0,270.0
2020-01-01 00:06:00+00:00,99.99932952394116,394.0,179.0
2020-01-01 00:06:02+00:00,100.00475351754025,130.0,286.0
2020-01-01 00:06:04+00:00,99.99518459120935,83.0,156.0
2020-01-01 00:06:06+00:00,100.01044492264474,139.0,311.0
2020-01-01 00:06:08+00:00,100.01876541550467,358.0,106.0
2020-01-01 00:06:10+00:00,100.03957128747813,242.0,150.0
2020-01-01 00:06:12+00:00,100.0350439268393,242.0,273.0
2020-01-01 00:06:14+00:00,100.01965962183522,205.0,115.0
2020-01-01 00:06:16+00:00,100.02328866592383,375.0,113.0
2020-01-01 00:06:18+00:00,100.01203944270979,167.0,301.0
2020-01-01 00:06:20+00:00,99.99144332857168,284.0,388.0
2020-01-01 00:06:22+00:00,99.98716087358073,115.0,112.0
2020-01-01 00:06:24+00:00,100.0109294448821,282.0,91.0
2020-01-01 00:06:26+00:00,100.01249448752824,140.0,200.0
2020-01-01 00:06:28+00:00,100.00537257592738,206.0,213.0
2020-01-01 00:06:30+00:00,100.00853632760794,200.0,362.0
2020-01-01 00:06:32+00:00,100.0378148390968,133.0,249.0
2020-01-01 00:06:34+00:00,100.04432635984436,398.0,308.0
2020-01-01 00:06:36+00:00,100.06377138703859,376.0,320.0
2020-01-01 00:06:38+00:00,100.05631241579447,221.0,363.0
2020-01-01 00:06:40+00:00,100.0388260217808,55.0,160.0
2020-01-01 00:06:42+00:00,100.0379238329944,111.0,208.0
2020-01-01 00:06:44+00:00,100.0527725630044,248.0,342.0
2020-01-01 00:06:46+00:00,100.04791032537089,72.0,234.0
2020-01-01 00:06:48+00:00,100.05758148439307,204.0,315.0
2020-01-01 00:06:50+00:00,100.06063188454856,255.0,383.0
2020-01-01 00:06:52+00:00,100.0481431812954,205.0,70.0
2020-01-01 00:06:54+00:00,100.06379967645529,274.0,312.0
2020-01-01 00:06:56+00:00,100.0691926987846,79.0,164.0
2020-01-01 00:06:58+00:00,100.05551401636743,241.0,268.0
2020-01-01 00:07:00+00:00,100.0467826612998,80.0,72.0
2020-01-01 00:07:02+00:00,100.0783196074576,309.0,277.0
2020-01-01 00:07:04+00:00,100.07301629283421,373.0,69.0
2020-01-01 00:07:06+00:00,100.07756296624655,173.0,232.0
2020-01-01 00:07:08+00:00,100.05725771051279,182.0,101.0
2020-01-01 00:07:10+00:00,100.08394622529583,335.0,346.0
2020-01-01 00:07:12+00:00,100.06579504450367,241.0,375.0
2020-01-01 00:07:14+00:00,100.04733068019944,161.0,330.0
2020-01-01 00:07:16+00:00,100.03474231370805,64.0,307.0
2020-01-01 00:07:18+00:00,100.03925239307029,288.0,389.0
2020-01-01 00:07:20+00:00,100.03634890118846,171.0,398.0
2020-01-01 00:07:22+00:00,100.02183169253065,391.0,340.0
2020-01-01 00:07:24+00:00,100.05554781110361,329.0,335.0
2020-01-01 00:07:26+00:00,100.05460345964104,118.0,274.0
2020-01-01 00:07:28+00:00,100.05820084519327,60.0,383.0
2020-01-01 00:07:30+00:00,100.07663380459263,308.0,290.0
2020-01-01 00:07:32+00:00,100.09492612185564,327.0,360.0
2020-01-01 00:07:34+00:00,100.0790664949812,291.0,226.0
2020-01-01 00:07:36+00:00,100.08079698454749,107.0,293.0
2020-01-01 00:07:38+00:00,100.03665054100229,179.0,224.0
2020-01-01 00:07:40+00:00,100.04609362516098,297.0,222.0
2020-01-01 00:07:42+00:00,100.05166400147226,296.0,352.0
2020-01-01 00:07:44+00:00,100.05154604678727,140.0,247.0
2020-01-01 00:07:46+00:00,100.04217450361226,294.0,202.0
2020-01-01 00:07:48+00:00,100.0689589408753,370.0,315.0
2020-01-01 00:07:50+00:00,100.07296420976404,319.0,365.0
2020-01-01 00:07:52+00:00,100.04366488380067,372.0,346.0
2020-01-01 00:07:54+00:00,100.0476033195258,55.0,250.0
2020-01-01 00:07:56+00:00,100.04330161702754,185.0,76.0
2020-01-01 00:07:58+00:00,100.05934918602391,116.0,329.0
2020-01-01 00:08:00+00:00,100.04031616037065,217.0,205.0
2020-01-01 00:08:02+00:00,100.04705457193076,264.0,183.0
2020-01-01 00:08:04+00:00,100.05854600387273,212.0,73.0
2020-01-01 00:08:06+00:00,100.06691780940679,259.0,212.0
2020-01-01 00:08:08+00:00,100.06359866777977,257.0,308.0
2020-01-01 00:08:10+00:00,100.05046195808869,280.0,122.0
2020-01-01 00:08:12+00:00,100.05168157382933,65.0,232.0
2020-01-01 00:08:14+00:00,100.03552618569165,181.0,154.0
2020-01-01 00:08:16+00:00,100.03658892143368,209.0,211.0
2020-01-01 00:08:18+00:00,100.02059798728826,208.0,201.0
2020-01-01 00:08:20+00:00,100.03115040892948,286.0,297.0
2020-01-01 00:08:22+00:00,100.0141646896118,100.0,328.0
2020-01-01 00:08:24+00:00,100.01762871957602,62.0,118.0
2020-01-01 00:08:26+00:00,100.00650163641662,98.0,169.0
2020-01-01 00:08:28+00:00,100.00585614160052,238.0,393.0
2020-01-01 00:08:30+00:00,100.00554069722601,129.0,328.0
2020-01-01 00:08:32+00:00,100.00044767295272,170.0,337.0
2020-01-01 00:08:34+00:00,99.99303629177912,99.0,143.0
2020-01-01 00:08:36+00:00,100.01490414216904,273.0,297.0
2020-01-01 00:08:38+00:00,100.01737983178836,64.0,57.0
2020-01-01 00:08:40+00:00,100.03957689093903,182.0,168.0
2020-01-01 00:08:42+00:00,100.02486191432246,161.0,260.0
2020-01-01 00:08:44+00:00,99.99159560581815,208.0,136.0
2020-01-01 00:08:46+00:00,99.99657390418047,186.0,83.0
2020-01-01 00:08:48+00:00,100.01659591800947,366.0,145.0
2020-01-01 00:08:50+00:00,100.00595203097605,142.0,398.0
2020-01-01 00:08:52+00:00,99.99406972089876,326.0,296.0
2020-01-01 00:08:54+00:00,100.03387306947232,359.0,225.0
2020-01-01 00:08:56+00:00,100.03191126050515,110.0,118.0
2020-01-01 00:08:58+00:00,100.0100278606774,64.0,87.0
2020-01-01 00:09:00+00:00,100.01921561458839,251.0,388.0
2020-01-01 00:09:02+00:00,100.0132106591177,162.0,293.0
2020-01-01 00:09:04+00:00,100.01027935068673,120.0,384.0
2020-01-01 00:09:06+00:00,99.99745521348154,373.0,139.0
2020-01-01 00:09:08+00:00,100.0243309746114,279.0,275.0
2020-01-01 00:09:10+00:00,100.02213058807015,197.0,70.0
2020-01-01 00:09:12+00:00,100.03035153339871,392.0,354.0
2020-01-01 00:09:14+00:00,100.03371172454057,142.0,171.0
2020-01-01 00:09:16+00:00,100.03605806278061,193.0,269.0
2020-01-01 00:09:18+00:00,100.02974344727036,61.0,149.0
2020-01-01 00:09:20+00:00,100.05790502406526,300.0,120.0
2020-01-01 00:09:22+00:00,100.07289207284003,350.0,115.0
2020-01-01 00:09:24+00:00,100.06614520630765,271.0,133.0
2020-01-01 00:09:26+00:00,100.04982827986785,257.0,285.0
2020-01-01 00:09:28+00:00,100.02974766959017,82.0,388.0
2020-01-01 00:09:30+00:00,100.01085516310478,156.0,61.0
2020-01-01 00:09:32+00:00,100.04138543778396,297.0,294.0
2020-01-01 00:09:34+00:00,100.03777283528602,89.0,210.0
2020-01-01 00:09:36+00:00,100.01451868677255,140.0,198.0
2020-01-01 00:09:38+00:00,100.00026160620111,125.0,206.0
2020-01-01 00:09:40+00:00,99.9780738902452,128.0,284.0
2020-01-01 00:09:42+00:00,99.98910471873769,296.0,185.0
2020-01-01 00:09:44+00:00,100.01861506672758,167.0,327.0
2020-01-01 00:09:46+00:00,99.9754880393438,353.0,383.0
2020-01-01 00:09:48+00:00,99.99301686889055,153.0,364.0
2020-01-01 00:09:50+00:00,100.01031578766401,244.0,390.0
2020-01-01 00:09:52+00:00,100.00893395799363,169.0,247.0
2020-01-01 00:09:54+00:00,100.00176121469048,332.0,359.0
2020-01-01 00:09:56+00:00,100.00580253148888,394.0,352.0
2020-01-01 00:09:58+00:00,100.02241983053129,341.0,81.0
2020-01-01 00:10:00+00:00,100.02198356542102,258.0,201.0
2020-01-01 00:10:02+00:00,100.02851025631568,379.0,391.0
2020-01-01 00:10:04+00:00,100.01467417441006,152.0,75.0
2020-01-01 00:10:06+00:00,100.02889371756059,136.0,308.0
2020-01-01 00:10:08+00:00,100.0181658722852,342.0,289.0
2020-01-01 00:10:10+00:00,100.0456402235753,366.0,229.0
2020-01-01 00:10:12+00:00,100.0464308083306,112.0,218.0
2020-01-01 00:10:14+00:00,100.053646823051,281.0,219.0
2020-01-01 00:10:16+00:00,100.0738097954551,64.0,173.0
2020-01-01 00:10:18+00:00,100.06241490788676,348.0,229.0
2020-01-01 00:10:20+00:00,100.07359595486949,172.0,347.0
2020-01-01 00:10:22+00:00,100.04967483051968,193.0,80.0
2020-01-01 00:10:24+00:00,100.06505159633929,168.0,339.0
2020-01-01 00:10:26+00:00,100.05499831030245,361.0,106.0
2020-01-01 00:10:28+00:00,100.06065578707206,210.0,143.0
2020-01-01 00:10:30+00:00,100.07527211454767,283.0,235.0
2020-01-01 00:10:32+00:00,100.08414978511566,243.0,328.0
2020-01-01 00:10:34+00:00,100.04878470929694,230.0,248.0
2020-01-01 00:10:36+00:00,100.04049460489696,169.0,276.0
2020-01-01 00:10:38+00:00,100.056903976273,331.0,87.0
2020-01-01 00:10:40+00:00,100.07066963063744,77.0,87.0
2020-01-01 00:10:42+00:00,100.06977649001838,213.0,245.0
2020-01-01 00:10:44+00:00,100.05121717028543,65.0,304.0
2020-01-01 00:10:46+00:00,100.04854654917501,63.0,62.0
2020-01-01 00:10:48+00:00,100.07267823074787,363.0,368.0
2020-01-01 00:10:50+00:00,100.06529910402213,226.0,235.0
2020-01-01 00:10:52+00:00,100.06779002802291,366.0,217.0
2020-01-01 00:10:54+00:00,100.08905786122871,206.0,240.0
2020-01-01 00:10:56+00:00,100.0583767667542,109.0,356.0
2020-01-01 00:10:58+00:00,100.03359467049717,354.0,389.0
2020-01-01 00:11:00+00:00,100.05188523030019,209.0,361.0
2020-01-01 00:11:02+00:00,100.04134904789697,390.0,97.0
2020-01-01 00:11:04+00:00,100.07768445675107,235.0,389.0
2020-01-01 00:11:06+00:00,100.05247261430537,374.0,350.0
2020-01-01 00:11:08+00:00,100.07848975652553,242.0,186.0
2020-01-01 00:11:10+00:00,100.0675458837305,166.0,132.0
2020-01-01 00:11:12+00:00,100.07318624983684,115.0,359.0
2020-01-01 00:11:14+00:00,100.03836350149236,331.0,134.0
2020-01-01 00:11:16+00:00,100.06927043386304,340.0,207.0
2020-01-01 00:11:18+00:00,100.05819370373572,158.0,135.0
2020-01-01 00:11:20+00:00,100.06827227117729,183.0,233.0
2020-01-01 00:11:22+00:00,100.05428726161934,307.0,207.0
2020-01-01 00:11:24+00:00,100.06608165184043,377.0,66.0
2020-01-01 00:11:26+00:00,100.07825807999052,364.0,168.0
2020-01-01 00:11:28+00:00,100.09099601000702,108.0,98.0
2020-01-01 00:11:30+00:00,100.09078107315247,209.0,161.0
2020-01-01 00:11:32+00:00,100.10186011919748,336.0,224.0
2020-01-01 00:11:34+00:00,100.0893751518922,191.0,300.0
2020-01-01 00:11:36+00:00,100.0859133530697,152.0,333.0
2020-01-01 00:11:38+00:00,100.09711340719949,236.0,355.0
2020-01-01 00:11:40+00:00,100.0921042427401,78.0,280.0
2020-01-01 00:11:42+00:00,100.09223334659988,379.0,190.0
2020-01-01 00:11:44+00:00,100.11118895465943,271.0,83.0
2020-01-01 00:11:46+00:00,100.11098062726299,79.0,131.0
2020-01-01 00:11:48+00:00,100.11081629541847,108.0,330.0
2020-01-01 00:11:50+00:00,100.08339887012632,58.0,239.0
2020-01-01 00:11:52+00:00,100.09052353685226,352.0,109.0
2020-01-01 00:11:54+00:00,100.10421811058683,377.0,324.0
2020-01-01 00:11:56+00:00,100.09457319024271,137.0,318.0
2020-01-01 00:11:58+00:00,100.07578680441603,66.0,228.0
2020-01-01 00:12:00+00:00,100.07954816472918,258.0,204.0
2020-01-01 00:12:02+00:00,100.0903770437461,96.0,94.0
2020-01-01 00:12:04+00:00,100.08107500639412,109.0,125.0
2020-01-01 00:12:06+00:00,100.06562636337466,160.0,225.0
2020-01-01 00:12:08+00:00,100.09024006093141,312.0,340.0
2020-01-01 00:12:10+00:00,100.09507896554356,208.0,163.0
2020-01-01 00:12:12+00:00,100.12748260593126,117.0,255.0
2020-01-01 00:12:14+00:00,100.10894483282732,341.0,246.0
2020-01-01 00:12:16+00:00,100.14425030222883,320.0,291.0
2020-01-01 00:12:18+00:00,100.13929010209432,337.0,227.0
2020-01-01 00:12:20+00:00,100.13905154514705,375.0,335.0
2020-01-01 00:12:22+00:00,100.13986685199767,179.0,397.0
2020-01-01 00:12:24+00:00,100.12643077047682,333.0,122.0
2020-01-01 00:12:26+00:00,100.14749844131616,276.0,77.0
2020-01-01 00:12:28+00:00,100.15123834842787,296.0,301.0
2020-01-01 00:12:30+00:00,100.15085782261964,368.0,151.0
2020-01-01 00:12:32+00:00,100.15674593048612,343.0,229.0
2020-01-01 00:12:34+00:00,100.15557535137049,51.0,192.0
2020-01-01 00:12:36+00:00,100.14192690385717,337.0,238.0
2020-01-01 00:12:38+00:00,100.16990747803776,108.0,333.0
2020-01-01 00:12:40+00:00,100.1647382914328,325.0,253.0
2020-01-01 00:12:42+00:00,100.18558731354373,376.0,397.0
2020-01-01 00:12:44+00:00,100.1689388432526,108.0,344.0
2020-01-01 00:12:46+00:00,100.1669976504777,137.0,126.0
2020-01-01 00:12:48+00:00,100.18305251751968,50.0,212.0
2020-01-01 00:12:50+00:00,100.17508652792203,364.0,230.0
2020-01-01 00:12:52+00:00,100.18627041233877,316.0,114.0
2020-01-01 00:12:54+00:00,100.18426054083848,131.0,229.0
2020-01-01 00:12:56+00:00,100.17227685696737,335.0,365.0
2020-01-01 00:12:58+00:00,100.1865634125786,84.0,278.0
2020-01-01 00:13:00+00:00,100.18702680677585,200.0,198.0
2020-01-01 00:13:02+00:00,100.20711734500505,276.0,232.0
2020-01-01 00:13:04+00:00,100.20430196558388,134.0,168.0
2020-01-01 00:13:06+00:00,100.1907062968064,80.0,302.0
2020-01-01 00:13:08+00:00,100.19965844097887,279.0,366.0
2020-01-01 00:13:10+00:00,100.18210639062862,319.0,388.0
2020-01-01 00:13:12+00:00,100.16767830807328,218.0,285.0
2020-01-01 00:13:14+00:00,100.17461903611796,176.0,133.0
2020-01-01 00:13:16+00:00,100.19366581696102,250.0,355.0
2020-01-01 00:13:18+00:00,100.16355120620841,217.0,130.0
2020-01-01 00:13:20+00:00,100.16449680731226,288.0,359.0
2020-01-01 00:13:22+00:00,100.14244141876578,389.0,289.0
2020-01-01 00:13:24+00:00,100.13829841276447,246.0,89.0
2020-01-01 00:13:26+00:00,100.16296047848614,66.0,57.0
2020-01-01 00:13:28+00:00,100.16209801373611,339.0,175.0
2020-01-01 00:13:30+00:00,100.13724387569223,323.0,151.0
2020-01-01 00:13:32+00:00,100.13390425930976,131.0,287.0
2020-01-01 00:13:34+00:00,100.11110602117238,244.0,289.0
2020-01-01 00:13:36+00:00,100.13147644999046,153.0,386.0
2020-01-01 00:13:38+00:00,100.1415436766265,238.0,206.0
2020-01-01 00:13:40+00:00,100.1559762773213,214.0,233.0
2020-01-01 00:13:42+00:00,100.12080204594272,354.0,76.0
2020-01-01 00:13:44+00:00,100.15050007264821,126.0,374.0
2020-01-01 00:13:46+00:00,100.1274481819297,71.0,139.0
2020-01-01 00:13:48+00:00,100.12216056009049,70.0,247.0
2020-01-01 00:13:50+00:00,100.12540665252713,100.0,288.0
2020-01-01 00:13:52+00:00,100.12335269837098,281.0,231.0
2020-01-01 00:13:54+00:00,100.13563011661176,364.0,355.0
2020-01-01 00:13:56+00:00,100.1286856143487,285.0,106.0
2020-01-01 00:13:58+00:00,100.12517167913904,155.0,336.0
2020-01-01 00:14:00+00:00,100.10899700345037,237.0,191.0
2020-01-01 00:14:02+00:00,100.13321056369635,346.0,368.0
2020-01-01 00:14:04+00:00,100.11894290898393,326.0,97.0
2020-01-01 00:14:06+00:00,100.12734260790171,76.0,288.0
2020-01-01 00:14:08+00:00,100.09704419939374,365.0,293.0
2020-01-01 00:14:10+00:00,100.1138013538403,357.0,293.0
2020-01-01 00:14:12+00:00,100.12719746348009,175.0,358.0
2020-01-01 00:14:14+00:00,100.10723062775627,275.0,318.0
2020-01-01 00:14:16+00:00,100.13198672138135,347.0,244.0
2020-01-01 00:14:18+00:00,100.14037558313974,389.0,284.0
2020-01-01 00:14:20+00:00,100.11828360662678,255.0,146.0
2020-01-01 00:14:22+00:00,100.10878445558339,65.0,295.0
2020-01-01 00:14:24+00:00,100.08843726032745,282.0,172.0
2020-01-01 00:14:26+00:00,100.10810976203192,188.0,144.0
2020-01-01 00:14:28+00:00,100.12328242284788,345.0,250.0
2020-01-01 00:14:30+00:00,100.11335495918598,397.0,151.0
2020-01-01 00:14:32+00:00,100.11041387882791,115.0,137.0
2020-01-01 00:14:34+00:00,100.1135852086167,383.0,80.0
2020-01-01 00:14:36+00:00,100.15436720533022,227.0,218.0
2020-01-01 00:14:38+00:00,100.15756271069266,111.0,140.0
2020-01-01 00:14:40+00:00,100.14285536893307,250.0,134.0
2020-01-01 00:14:42+00:00,100.17964480290175,251.0,282.0
2020-01-01 00:14:44+00:00,100.16406856035353,376.0,384.0
2020-01-01 00:14:46+00:00,100.16465166305544,270.0,197.0
2020-01-01 00:14:48+00:00,100.1815677203506,82.0,296.0
2020-01-01 00:14:50+00:00,100.1454068499302,204.0,70.0
2020-01-01 00:14:52+00:00,100.1634674025382,58.0,397.0
2020-01-01 00:14:54+00:00,100.15370628808124,301.0,85.0
2020-01-01 00:14:56+00:00,100.18925199909985,378.0,179.0
2020-01-01 00:14:58+00:00,100.18357840133712,219.0,324.0
2020-01-01 00:15:00+00:00,100.16081703944837,61.0,62.0
2020-01-01 00:15:02+00:00,100.17620849673129,389.0,107.0
2020-01-01 00:15:04+00:00,100.19105030068147,363.0,104.0
2020-01-01 00:15:06+00:00,100.21943015650182,286.0,133.0
2020-01-01 00:15:08+00:00,100.20145965591021,329.0,377.0
2020-01-01 00:15:10+00:00,100.18376540823539,269.0,278.0
2020-01-01 00:15:12+00:00,100.18003316144446,54.0,105.0
2020-01-01 00:15:14+00:00,100.17233008140659,222.0,210.0
2020-01-01 00:15:16+00:00,100.20843056545871,195.0,156.0
2020-01-01 00:15:18+00:00,100.1937645851795,285.0,274.0
2020-01-01 00:15:20+00:00,100.17693735482437,158.0,361.0
2020-01-01 00:15:22+00:00,100.15801237854444,67.0,346.0
2020-01-01 00:15:24+00:00,100.13621582712182,102.0,187.0
2020-01-01 00:15:26+00:00,100.14332401110053,246.0,370.0
2020-01-01 00:15:28+00:00,100.14897042241223,258.0,98.0
2020-01-01 00:15:30+00:00,100.18028394374797,296.0,113.0
2020-01-01 00:15:32+00:00,100.18329508770293,144.0,259.0
2020-01-01 00:15:34+00:00,100.17005692739008,269.0,126.0
2020-01-01 00:15:36+00:00,100.20075087741968,74.0,57.0
2020-01-01 00:15:38+00:00,100.19579543278554,334.0,154.0
2020-01-01 00:15:40+00:00,100.1927579292929,347.0,293.0
2020-01-01 00:15:42+00:00,100.1964058437524,306.0,327.0
2020-01-01 00:15:44+00:00,100.1783769136369,139.0,91.0
2020-01-01 00:15:46+00:00,100.204245986822,397.0,61.0
2020-01-01 00:15:48+00:00,100.18508016901637,88.0,373.0
2020-01-01 00:15:50+00:00,100.17544973103988,52.0,293.0
2020-01-01 00:15:52+00:00,100.16018959813813,50.0,395.0
2020-01-01 00:15:54+00:00,100.17680415803554,331.0,51.0
2020-01-01 00:15:56+00:00,100.19265521809822,68.0,386.0
2020-01-01 00:15:58+00:00,100.16350314945915,98.0,200.0
2020-01-01 00:16:00+00:00,100.18354934531796,201.0,206.0
2020-01-01 00:16:02+00:00,100.21217864162062,183.0,283.0
2020-01-01 00:16:04+00:00,100.20455167331457,251.0,260.0
2020-01-01 00:16:06+00:00,100.20956666887189,131.0,362.0
2020-01-01 00:16:08+00:00,100.20126993741502,294.0,111.0
2020-01-01 00:16:10+00:00,100.21230314628328,393.0,385.0
2020-01-01 00:16:12+00:00,100.22112223144771,250.0,159.0
2020-01-01 00:16:14+00:00,100.22248254847756,171.0,359.0
2020-01-01 00:16:16+00:00,100.21331222564396,181.0,246.0
2020-01-01 00:16:18+00:00,100.21665837116812,69.0,205.0
2020-01-01 00:16:20+00:00,100.22510043698529,330.0,360.0
2020-01-01 00:16:22+00:00,100.2132648050873,95.0,236.0
2020-01-01 00:16:24+00:00,100.19441388071093,256.0,361.0
2020-01-01 00:16:26+00:00,100.19756515893357,347.0,368.0
2020-01-01 00:16:28+00:00,100.1758974708969,219.0,291.0
2020-01-01 00:16:30+00:00,100.18900959670039,327.0,137.0
2020-01-01 00:16:32+00:00,100.20815195494444,306.0,328.0
2020-01-01 00:16:34+00:00,100.1790996179207,156.0,342.0
2020-01-01 00:16:36+00:00,100.19888756112537,105.0,385.0
2020-01-01 00:16:38+00:00,100.18628020158312,119.0,330.0
2020-01-01 00:16:40+00:00,100.20125781109279,331.0,125.0
2020-01-01 00:16:42+00:00,100.2515845186894,365.0,306.0
2020-01-01 00:16:44+00:00,100.25354732311926,145.0,86.0
2020-01-01 00:16:46+00:00,100.25637022783606,353.0,331.0
2020-01-01 00:16:48+00:00,100.25503219839517,306.0,233.0
2020-01-01 00:16:50+00:00,100.28261390462258,79.0,361.0
2020-01-01 00:16:52+00:00,100.25670759597688,340.0,83.0
2020-01-01 00:16:54+00:00,100.26945895920797,121.0,305.0
2020-01-01 00:16:56+00:00,100.25212980433487,308.0,313.0
2020-01-01 00:16:58+00:00,100.2642896001588,70.0,370.0
2020-01-01 00:17:00+00:00,100.26828159036754,126.0,143.0
2020-01-01 00:17:02+00:00,100.27880065078908,199.0,210.0
2020-01-01 00:17:04+00:00,100.28792343151788,252.0,89.0
2020-01-01 00:17:06+00:00,100.30262157041003,111.0,283.0
2020-01-01 00:17:08+00:00,100.2794478335177,294.0,287.0
2020-01-01 00:17:10+00:00,100.28597790974653,55.0,318.0
2020-01-01 00:17:12+00:00,100.26277779139964,396.0,269.0
2020-01-01 00:17:14+00:00,100.27410232097746,327.0,86.0
2020-01-01 00:17:16+00:00,100.28104220303646,152.0,257.0
2020-01-01 00:17:18+00:00,100.26016970898458,106.0,202.0
2020-01-01 00:17:20+00:00,100.24033852911295,146.0,51.0
2020-01-01 00:17:22+00:00,100.26073086625266,95.0,124.0
2020-01-01 00:17:24+00:00,100.2625569757951,94.0,329.0
2020-01-01 00:17:26+00:00,100.24906583816498,169.0,263.0
2020-01-01 00:17:28+00:00,100.24737321993776,228.0,311.0
2020-01-01 00:17:30+00:00,100.25054665276647,379.0,298.0
2020-01-01 00:17:32+00:00,100.2664897599527,65.0,371.0
2020-01-01 00:17:34+00:00,100.25448862398713,183.0,398.0
2020-01-01 00:17:36+00:00,100.24363728956733,290.0,116.0
2020-01-01 00:17:38+00:00,100.27217771665477,84.0,316.0
2020-01-01 00:17:40+00:00,100.25856643773713,374.0,87.0
2020-01-01 00:17:42+00:00,100.27584217176162,359.0,282.0
2020-01-01 00:17:44+00:00,100.280868529159,394.0,256.0
2020-01-01 00:17:46+00:00,100.26369057415273,309.0,381.0
2020-01-01 00:17:48+00:00,100.25508168202434,259.0,112.0
2020-01-01 00:17:50+00:00,100.28227872943305,138.0,243.0
2020-01-01 00:17:52+00:00,100.24818054589961,255.0,235.0
2020-01-01 00:17:54+00:00,100.26836795313531,311.0,225.0
2020-01-01 00:17:56+00:00,100.27039498040074,175.0,216.0
2020-01-01 00:17:58+00:00,100.26080955808227,358.0,356.0
2020-01-01 00:18:00+00:00,100.27208933254946,309.0,190.0
2020-01-01 00:18:02+00:00,100.27685980813676,80.0,98.0
2020-01-01 00:18:04+00:00,100.24852159218597,287.0,223.0
2020-01-01 00:18:06+00:00,100.25985674420834,279.0,334.0
2020-01-01 00:18:08+00:00,100.24064239985974,117.0,105.0
2020-01-01 00:18:10+00:00,100.25804526519364,100.0,322.0
2020-01-01 00:18:12+00:00,100.25518605460869,205.0,50.0
2020-01-01 00:18:14+00:00,100.26097514071239,194.0,252.0
2020-01-01 00:18:16+00:00,100.22836494036015,142.0,177.0
2020-01-01 00:18:18+00:00,100.22130769536643,309.0,182.0
2020-01-01 00:18:20+00:00,100.22359127231576,269.0,327.0
2020-01-01 00:18:22+00:00,100.23536940704292,93.0,271.0
2020-01-01 00:18:24+00:00,100.22254938678827,136.0,203.0
2020-01-01 00:18:26+00:00,100.20951999021923,150.0,75.0
2020-01-01 00:18:28+00:00,100.23298610906289,116.0,130.0
2020-01-01 00:18:30+00:00,100.19974942105588,172.0,261.0
2020-01-01 00:18:32+00:00,100.19139250939757,209.0,125.0
2020-01-01 00:18:34+00:00,100.22229999092734,83.0,341.0
2020-01-01 00:18:36+00:00,100.21520666556654,108.0,199.0
2020-01-01 00:18:38+00:00,100.21802463822556,228.0,330.0
2020-01-01 00:18:40+00:00,100.22309832757362,118.0,103.0
2020-01-01 00:18:42+00:00,100.22884689624544,351.0,132.0
2020-01-01 00:18:44+00:00,100.23662094201163,268.0,70.0
2020-01-01 00:18:46+00:00,100.2288882761044,309.0,51.0
2020-01-01 00:18:48+00:00,100.21911910826601,170.0,375.0
2020-01-01 00:18:50+00:00,100.20300331007695,89.0,370.0
2020-01-01 00:18:52+00:00,100.21820057873823,61.0,269.0
2020-01-01 00:18:54+00:00,100.22361131983466,91.0,138.0
2020-01-01 00:18:56+00:00,100.21670969595773,239.0,92.0
2020-01-01 00:18:58+00:00,100.22038892640295,220.0,55.0
2020-01-01 00:19:00+00:00,100.22431175607186,370.0,307.0
2020-01-01 00:19:02+00:00,100.22110077803174,373.0,304.0
2020-01-01 00:19:04+00:00,100.23052873745335,332.0,399.0
2020-01-01 00:19:06+00:00,100.22325010661847,216.0,232.0
2020-01-01 00:19:08+00:00,100.19144242252122,305.0,375.0
2020-01-01 00:19:10+00:00,100.2199270512101,165.0,176.0
2020-01-01 00:19:12+00:00,100.21558890013732,223.0,353.0
2020-01-01 00:19:14+00:00,100.2259004716123,207.0,397.0
2020-01-01 00:19:16+00:00,100.22133867869101,205.0,159.0
2020-01-01 00:19:18+00:00,100.22387275484283,101.0,369.0
2020-01-01 00:19:20+00:00,100.19155091680545,131.0,53.0
2020-01-01 00:19:22+00:00,100.19405426203838,237.0,178.0
2020-01-01 00:19:24+00:00,100.22175009406524,130.0,78.0
2020-01-01 00:19:26+00:00,100.20435510102796,309.0,245.0
2020-01-01 00:19:28+00:00,100.21507363441947,143.0,69.0
2020-01-01 00:19:30+00:00,100.22796654959866,188.0,210.0
2020-01-01 00:19:32+00:00,100.21032132236908,74.0,166.0
2020-01-01 00:19:34+00:00,100.21525459153565,67.0,136.0
2020-01-01 00:19:36+00:00,100.21230060571044,180.0,162.0
2020-01-01 00:19:38+00:00,100.25165291480202,225.0,54.0
2020-01-01 00:19:40+00:00,100.25213098755732,119.0,285.0
2020-01-01 00:19:42+00:00,100.2271905138146,108.0,233.0
2020-01-01 00:19:44+00:00,100.23233653367843,314.0,359.0
2020-01-01 00:19:46+00:00,100.21221408340298,242.0,329.0
2020-01-01 00:19:48+00:00,100.20904989909866,358.0,300.0
2020-01-01 00:19:50+00:00,100.21683899086274,318.0,164.0
2020-01-01 00:19:52+00:00,100.2071910077698,357.0,63.0
2020-01-01 00:19:54+00:00,100.19595889059195,280.0,378.0
2020-01-01 00:19:56+00:00,100.17511671650114,313.0,328.0
2020-01-01 00:19:58+00:00,100.17207152049944,124.0,77.0
2020-01-01 00:20:00+00:00,100.18260444584442,386.0,353.0
2020-01-01 00:20:02+00:00,100.19145341682444,298.0,304.0
2020-01-01 00:20:04+00:00,100.16366532583783,96.0,316.0
2020-01-01 00:20:06+00:00,100.16115201003058,301.0,344.0
2020-01-01 00:20:08+00:00,100.14868588597041,235.0,305.0
2020-01-01 00:20:10+00:00,100.14350632998709,224.0,194.0
2020-01-01 00:20:12+00:00,100.15145951697043,204.0,167.0
2020-01-01 00:20:14+00:00,100.16675292318327,71.0,53.0
2020-01-01 00:20:16+00:00,100.17061637615615,364.0,219.0
2020-01-01 00:20:18+00:00,100.17719919028482,109.0,61.0
2020-01-01 00:20:20+00:00,100.16791380570723,70.0,252.0
2020-01-01 00:20:22+00:00,100.13244777376867,395.0,223.0
2020-01-01 00:20:24+00:00,100.13967913638747,350.0,142.0
2020-01-01 00:20:26+00:00,100.14431213017319,75.0,388.0
2020-01-01 00:20:28+00:00,100.11832391366367,141.0,155.0
2020-01-01 00:20:30+00:00,100.1124076002324,342.0,230.0
2020-01-01 00:20:32+00:00,100.15560322375566,262.0,372.0
2020-01-01 00:20:34+00:00,100.13955921532393,50.0,77.0
2020-01-01 00:20:36+00:00,100.15053552268589,145.0,269.0
2020-01-01 00:20:38+00:00,100.15948706106886,148.0,110.0
2020-01-01 00:20:40+00:00,100.15744593304865,307.0,308.0
2020-01-01 00:20:42+00:00,100.16822116423603,299.0,312.0
2020-01-01 00:20:44+00:00,100.14639700999125,380.0,140.0
2020-01-01 00:20:46+00:00,100.1848247694882,147.0,171.0
2020-01-01 00:20:48+00:00,100.17394049236876,180.0,54.0
2020-01-01 00:20:50+00:00,100.19163236402245,339.0,361.0
2020-01-01 00:20:52+00:00,100.19628618856156,102.0,372.0
2020-01-01 00:20:54+00:00,100.20170796763456,73.0,134.0
2020-01-01 00:20:56+00:00,100.1951251667101,365.0,288.0
2020-01-01 00:20:58+00:00,100.19289890323869,154.0,120.0
2020-01-01 00:21:00+00:00,100.18058452668778,265.0,86.0
2020-01-01 00:21:02+00:00,100.19094690699384,181.0,148.0
2020-01-01 00:21:04+00:00,100.18590376339952,375.0,289.0
2020-01-01 00:21:06+00:00,100.20192065125784,323.0,291.0
2020-01-01 00:21:08+00:00,100.1969132109942,299.0,389.0
2020-01-01 00:21:10+00:00,100.20654993306911,390.0,337.0
2020-01-01 00:21:12+00:00,100.20734887601333,335.0,184.0
2020-01-01 00:21:14+00:00,100.188338956868,187.0,197.0
2020-01-01 00:21:16+00:00,100.16358407680639,345.0,377.0
2020-01-01 00:21:18+00:00,100.18059711211309,327.0,331.0
2020-01-01 00:21:20+00:00,100.16850146388597,319.0,217.0
2020-01-01 00:21:22+00:00,100.15275687826411,305.0,175.0
2020-01-01 00:21:24+00:00,100.14972398294834,290.0,67.0
2020-01-01 00:21:26+00:00,100.15869032975434,228.0,211.0
2020-01-01 00:21:28+00:00,100.15368471132521,389.0,195.0
2020-01-01 00:21:30+00:00,100.15105543194547,183.0,238.0
2020-01-01 00:21:32+00:00,100.13618325883634,104.0,368.0
2020-01-01 00:21:34+00:00,100.11802410024345,70.0,54.0
2020-01-01 00:21:36+00:00,100.13343778309545,285.0,360.0
2020-01-01 00:21:38+00:00,100.12723599377992,246.0,354.0
2020-01-01 00:21:40+00:00,100.12594441575398,199.0,184.0
2020-01-01 00:21:42+00:00,100.15765261198413,303.0,230.0
2020-01-01 00:21:44+00:00,100.15620336122517,251.0,113.0
2020-01-01 00:21:46+00:00,100.13867295027325,73.0,69.0
2020-01-01 00:21:48+00:00,100.1365735231947,317.0,345.0
2020-01-01 00:21:50+00:00,100.11764878089625,238.0,212.0
2020-01-01 00:21:52+00:00,100.1181576698415,238.0,208.0
2020-01-01 00:21:54+00:00,100.12803678179134,306.0,130.0
2020-01-01 00:21:56+00:00,100.12200629722527,309.0,182.0
2020-01-01 00:21:58+00:00,100.09549387628674,85.0,171.0
2020-01-01 00:22:00+00:00,100.08585954926532,141.0,139.0
2020-01-01 00:22:02+00:00,100.09850342360043,159.0,166.0
2020-01-01 00:22:04+00:00,100.07812341131256,369.0,93.0
2020-01-01 00:22:06+00:00,100.09233772519075,70.0,126.0
2020-01-01 00:22:08+00:00,100.0869123719659,220.0,316.0
2020-01-01 00:22:10+00:00,100.07679099678768,362.0,62.0
2020-01-01 00:22:12+00:00,100.10287192716146,356.0,398.0
2020-01-01 00:22:14+00:00,100.07295864336713,59.0,291.0
2020-01-01 00:22:16+00:00,100.07830543187471,315.0,164.0
2020-01-01 00:22:18+00:00,100.10688510920104,105.0,261.0
2020-01-01 00:22:20+00:00,100.11309898066334,236.0,223.0
2020-01-01 00:22:22+00:00,100.13968460037624,329.0,278.0
2020-01-01 00:22:24+00:00,100.14465299770696,180.0,370.0
2020-01-01 00:22:26+00:00,100.14098299995746,112.0,292.0
2020-01-01 00:22:28+00:00,100.13717033565108,313.0,177.0
2020-01-01 00:22:30+00:00,100.13072959631002,181.0,311.0
2020-01-01 00:22:32+00:00,100.10445858123369,350.0,224.0
2020-01-01 00:22:34+00:00,100.12425347830543,375.0,325.0
2020-01-01 00:22:36+00:00,100.13313973810818,303.0,125.0
2020-01-01 00:22:38+00:00,100.13628758901011,225.0,136.0
2020-01-01 00:22:40+00:00,100.13047880552216,109.0,335.0
2020-01-01 00:22:42+00:00,100.10054516294568,325.0,157.0
2020-01-01 00:22:44+00:00,100.11081562272929,365.0,227.0
2020-01-01 00:22:46+00:00,100.09633012689297,364.0,99.0
2020-01-01 00:22:48+00:00,100.09080242052097,220.0,310.0
2020-01-01 00:22:50+00:00,100.04517456428799,235.0,322.0
2020-01-01 00:22:52+00:00,100.0428983071115,197.0,306.0
2020-01-01 00:22:54+00:00,100.04070064506747,215.0,88.0
2020-01-01 00:22:56+00:00,100.04633243907895,311.0,245.0
2020-01-01 00:22:58+00:00,100.04208995994468,379.0,85.0
2020-01-01 00:23:00+00:00,100.0349485898561,111.0,102.0
2020-01-01 00:23:02+00:00,100.02555778371428,317.0,257.0
2020-01-01 00:23:04+00:00,100.00252100078177,107.0,188.0
2020-01-01 00:23:06+00:00,99.97966008600079,385.0,315.0
2020-01-01 00:23:08+00:00,99.99294591615785,95.0,253.0
2020-01-01 00:23:10+00:00,99.95915995572939,177.0,266.0
2020-01-01 00:23:12+00:00,99.96195725208233,139.0,67.0
2020-01-01 00:23:14+00:00,99.93856970167269,324.0,128.0
2020-01-01 00:23:16+00:00,99.96067773031068,129.0,259.0
2020-01-01 00:23:18+00:00,99.94901841334894,134.0,132.0
2020-01-01 00:23:20+00:00,99.96285852669864,277.0,331.0
2020-01-01 00:23:22+00:00,99.92373462550684,312.0,129.0
2020-01-01 00:23:24+00:00,99.96271406757334,218.0,176.0
2020-01-01 00:23:26+00:00,99.95868958729648,252.0,91.0
2020-01-01 00:23:28+00:00,99.93838632258068,76.0,255.0
2020-01-01 00:23:30+00:00,99.92408880874291,69.0,163.0
2020-01-01 00:23:32+00:00,99.90660986815382,149.0,103.0
2020-01-01 00:23:34+00:00,99.92768297541396,172.0,288.0
2020-01-01 00:23:36+00:00,99.91642940546814,177.0,300.0
2020-01-01 00:23:38+00:00,99.89714130248936,96.0,282.0
2020-01-01 00:23:40+00:00,99.89027738970694,175.0,340.0
2020-01-01 00:23:42+00:00,99.902697336225,284.0,217.0
2020-01-01 00:23:44+00:00,99.92722390700968,308.0,250.0
2020-01-01 00:23:46+00:00,99.93598160335765,373.0,327.0
2020-01-01 00:23:48+00:00,99.94778450214693,339.0,265.0
2020-01-01 00:23:50+00:00,99.96931109641308,371.0,376.0
2020-01-01 00:23:52+00:00,99.9547106485075,158.0,258.0
2020-01-01 00:23:54+00:00,99.96792639901919,180.0,58.0
2020-01-01 00:23:56+00:00,99.96499486734328,190.0,149.0
2020-01-01 00:23:58+00:00,99.9794899747979,93.0,352.0
2020-01-01 00:24:00+00:00,99.97109206237339,66.0,299.0
2020-01-01 00:24:02+00:00,99.96782902944913,274.0,160.0
2020-01-01 00:24:04+00:00,99.99321299942262,102.0,341.0
2020-01-01 00:24:06+00:00,99.967673834924,75.0,135.0
2020-01-01 00:24:08+00:00,99.96563160428913,365.0,301.0
2020-01-01 00:24:10+00:00,99.98463020007581,242.0,172.0
2020-01-01 00:24:12+00:00,99.9682189932845,388.0,325.0
2020-01-01 00:24:14+00:00,99.96968614123126,135.0,207.0
2020-01-01 00:24:16+00:00,99.93182153296911,172.0,334.0
2020-01-01 00:24:18+00:00,99.93212153759744,65.0,367.0
2020-01-01 00:24:20+00:00,99.93504225209996,135.0,312.0
2020-01-01 00:24:22+00:00,99.95872971838483,350.0,385.0
2020-01-01 00:24:24+00:00,99.95481037468561,229.0,349.0
2020-01-01 00:24:26+00:00,99.98041464261615,162.0,81.0
2020-01-01 00:24:28+00:00,100.00100785590216,168.0,111.0
2020-01-01 00:24:30+00:00,99.985317306771,183.0,189.0
2020-01-01 00:24:32+00:00,99.95930206891809,104.0,77.0
2020-01-01 00:24:34+00:00,99.98363611063557,109.0,270.0
2020-01-01 00:24:36+00:00,99.95390279892247,119.0,347.0
2020-01-01 00:24:38+00:00,99.95307626466779,383.0,378.0
2020-01-01 00:24:40+00:00,99.973063482682,73.0,189.0
2020-01-01 00:24:42+00:00,99.95658097771779,66.0,234.0
2020-01-01 00:24:44+00:00,99.9567442413753,391.0,172.0
2020-01-01 00:24:46+00:00,99.974408744069,270.0,128.0
2020-01-01 00:24:48+00:00,99.9844391210759,218.0,86.0
2020-01-01 00:24:50+00:00,99.98199250315227,112.0,347.0
2020-01-01 00:24:52+00:00,99.97494294456808,196.0,327.0
2020-01-01 00:24:54+00:00,99.98249047504633,267.0,269.0
2020-01-01 00:24:56+00:00,99.96831123249063,285.0,126.0
2020-01-01 00:24:58+00:00,100.00005332777461,164.0,208.0
2020-01-01 00:25:00+00:00,99.97348328854314,391.0,175.0
2020-01-01 00:25:02+00:00,99.99923425398829,324.0,309.0
2020-01-01 00:25:04+00:00,99.99829536019806,247.0,211.0
2020-01-01 00:25:06+00:00,99.99691208343407,120.0,112.0
2020-01-01 00:25:08+00:00,100.00651557263011,68.0,65.0
2020-01-01 00:25:10+00:00,100.00919429500566,318.0,294.0
2020-01-01 00:25:12+00:00,100.00063776699523,311.0,81.0
2020-01-01 00:25:14+00:00,100.02031665099203,60.0,155.0
2020-01-01 00:25:16+00:00,99.99040153590964,300.0,362.0
2020-01-01 00:25:18+00:00,99.99095032262485,197.0,286.0
2020-01-01 00:25:20+00:00,99.9875216190426,250.0,314.0
2020-01-01 00:25:22+00:00,99.96432374289705,273.0,71.0
2020-01-01 00:25:24+00:00,99.9883551155002,332.0,280.0
2020-01-01 00:25:26+00:00,100.00999533402876,76.0,345.0
2020-01-01 00:25:28+00:00,99.98051391648747,64.0,360.0
2020-01-01 00:25:30+00:00,99.9874919017187,244.0,158.0
2020-01-01 00:25:32+00:00,99.99494498216808,318.0,374.0
2020-01-01 00:25:34+00:00,99.9852989280294,239.0,248.0
2020-01-01 00:25:36+00:00,99.99137634316116,333.0,363.0
2020-01-01 00:25:38+00:00,99.99294079102931,60.0,77.0
2020-01-01 00:25:40+00:00,99.98487395214224,142.0,156.0
2020-01-01 00:25:42+00:00,99.97308479931348,320.0,396.0
2020-01-01 00:25:44+00:00,99.96230816744679,156.0,108.0
2020-01-01 00:25:46+00:00,99.99405978374544,248.0,251.0
2020-01-01 00:25:48+00:00,99.97682432714184,172.0,297.0
2020-01-01 00:25:50+00:00,99.9716692669553,314.0,318.0
2020-01-01 00:25:52+00:00,99.97148833010361,310.0,121.0
2020-01-01 00:25:54+00:00,99.98596798997619,98.0,311.0
2020-01-01 00:25:56+00:00,99.99346206894916,125.0,157.0
2020-01-01 00:25:58+00:00,99.96275641395377,161.0,254.0
2020-01-01 00:26:00+00:00,99.98312621763506,392.0,338.0
2020-01-01 00:26:02+00:00,99.99232100635854,134.0,332.0
2020-01-01 00:26:04+00:00,99.9699122079555,338.0,228.0
2020-01-01 00:26:06+00:00,99.97277187461704,175.0,147.0
2020-01-01 00:26:08+00:00,99.96435216985898,300.0,277.0
2020-01-01 00:26:10+00:00,99.97195769828778,309.0,285.0
2020-01-01 00:26:12+00:00,99.96984663074593,67.0,172.0
2020-01-01 00:26:14+00:00,99.9394009320452,164.0,101.0
2020-01-01 00:26:16+00:00,99.95268528068202,285.0,274.0
2020-01-01 00:26:18+00:00,99.96678478095906,99.0,57.0
2020-01-01 00:26:20+00:00,99.98056927785146,276.0,373.0
2020-01-01 00:26:22+00:00,99.96626511776567,331.0,294.0
2020-01-01 00:26:24+00:00,99.99627074139455,99.0,351.0
2020-01-01 00:26:26+00:00,99.99466757234465,74.0,62.0
2020-01-01 00:26:28+00:00,100.00725290616396,259.0,286.0
2020-01-01 00:26:30+00:00,99.96674286924858,346.0,98.0
2020-01-01 00:26:32+00:00,99.99636950221931,103.0,163.0
2020-01-01 00:26:34+00:00,99.9829495391973,60.0,344.0
2020-01-01 00:26:36+00:00,99.97964687632079,185.0,260.0
2020-01-01 00:26:38+00:00,99.97501225006454,247.0,318.0
2020-01-01 00:26:40+00:00,99.98282211236247,188.0,58.0
2020-01-01 00:26:42+00:00,100.01027259766697,75.0,365.0
2020-01-01 00:26:44+00:00,99.98551288978216,289.0,187.0
2020-01-01 00:26:46+00:00,100.01333930025496,72.0,149.0
2020-01-01 00:26:48+00:00,99.99443217609415,219.0,381.0
2020-01-01 00:26:50+00:00,100.00339711103577,225.0,217.0
2020-01-01 00:26:52+00:00,100.00890005737072,87.0,177.0
2020-01-01 00:26:54+00:00,100.00077317440936,214.0,120.0
2020-01-01 00:26:56+00:00,100.01201526152688,330.0,240.0
2020-01-01 00:26:58+00:00,100.01342725833739,119.0,264.0
2020-01-01 00:27:00+00:00,99.98465854546762,120.0,269.0
2020-01-01 00:27:02+00:00,99.99544008315299,190.0,316.0
2020-01-01 00:27:04+00:00,99.99592335854115,301.0,189.0
2020-01-01 00:27:06+00:00,100.02599594293571,187.0,57.0
2020-01-01 00:27:08+00:00,100.01728546374046,345.0,333.0
2020-01-01 00:27:10+00:00,100.01296805828332,57.0,255.0
2020-01-01 00:27:12+00:00,100.00556828661017,103.0,58.0
2020-01-01 00:27:14+00:00,100.02820217446164,301.0,230.0
2020-01-01 00:27:16+00:00,100.00484236309859,112.0,249.0
2020-01-01 00:27:18+00:00,100.0231318066954,153.0,391.0
2020-01-01 00:27:20+00:00,100.01768290197353,218.0,106.0
2020-01-01 00:27:22+00:00,100.04673282941926,391.0,166.0
2020-01-01 00:27:24+00:00,100.03925672483125,334.0,65.0
2020-01-01 00:27:26+00:00,100.04221233901825,117.0,172.0
2020-01-01 00:27:28+00:00,100.04068466928096,183.0,384.0
2020-01-01 00:27:30+00:00,100.03018572646859,161.0,300.0
2020-01-01 00:27:32+00:00,100.04680393132504,341.0,183.0
2020-01-01 00:27:34+00:00,100.07436506866611,65.0,194.0
2020-01-01 00:27:36+00:00,100.07705946982779,142.0,282.0
2020-01-01 00:27:38+00:00,100.08107098041467,52.0,55.0
2020-01-01 00:27:40+00:00,100.09075307200864,356.0,350.0
2020-01-01 00:27:42+00:00,100.11276511219467,365.0,253.0
2020-01-01 00:27:44+00:00,100.12714178876348,118.0,64.0
2020-01-01 00:27:46+00:00,100.12768364175915,52.0,207.0
2020-01-01 00:27:48+00:00,100.10893869214813,55.0,179.0
2020-01-01 00:27:50+00:00,100.09501167229374,114.0,183.0
2020-01-01 00:27:52+00:00,100.08015837267715,253.0,156.0
2020-01-01 00:27:54+00:00,100.10180641733791,272.0,324.0
2020-01-01 00:27:56+00:00,100.09297892571088,291.0,94.0
2020-01-01 00:27:58+00:00,100.10405512188724,321.0,110.0
2020-01-01 00:28:00+00:00,100.09772505608711,371.0,142.0
2020-01-01 00:28:02+00:00,100.09348112550721,348.0,81.0
2020-01-01 00:28:04+00:00,100.0809136011164,180.0,111.0
2020-01-01 00:28:06+00:00,100.10600484265044,190.0,281.0
2020-01-01 00:28:08+00:00,100.06281053235443,295.0,374.0
2020-01-01 00:28:10+00:00,100.07543308327713,218.0,81.0
2020-01-01 00:28:12+00:00,100.08811228559955,176.0,58.0
2020-01-01 00:28:14+00:00,100.1140887010277,182.0,80.0
2020-01-01 00:28:16+00:00,100.11702269447093,395.0,212.0
2020-01-01 00:28:18+00:00,100.12064502325873,298.0,205.0
2020-01-01 00:28:20+00:00,100.12145682710515,64.0,399.0
2020-01-01 00:28:22+00:00,100.09834837131183,87.0,172.0
2020-01-01 00:28:24+00:00,100.11041415985476,232.0,207.0
2020-01-01 00:28:26+00:00,100.12613684536895,151.0,97.0
2020-01-01 00:28:28+00:00,100.1323528838895,264.0,275.0
2020-01-01 00:28:30+00:00,100.10757892668325,86.0,293.0
2020-01-01 00:28:32+00:00,100.10426795610927,342.0,286.0
2020-01-01 00:28:34+00:00,100.10785479921853,378.0,77.0
2020-01-01 00:28:36+00:00,100.10811920467097,355.0,273.0
2020-01-01 00:28:38+00:00,100.1141368728947,290.0,235.0
2020-01-01 00:28:40+00:00,100.0839943121206,250.0,393.0
2020-01-01 00:28:42+00:00,100.079072230951,256.0,269.0
2020-01-01 00:28:44+00:00,100.09558375077475,374.0,282.0
2020-01-01 00:28:46+00:00,100.12696193817781,234.0,100.0
2020-01-01 00:28:48+00:00,100.12377805431949,351.0,307.0
2020-01-01 00:28:50+00:00,100.14093474026333,373.0,337.0
2020-01-01 00:28:52+00:00,100.13997493371896,122.0,255.0
2020-01-01 00:28:54+00:00,100.11009472279096,81.0,247.0
2020-01-01 00:28:56+00:00,100.10563232931268,153.0,277.0
2020-01-01 00:28:58+00:00,100.10219248040771,222.0,238.0
2020-01-01 00:29:00+00:00,100.11092491247919,344.0,261.0
2020-01-01 00:29:02+00:00,100.13112619938583,225.0,363.0
2020-01-01 00:29:04+00:00,100.10572224327636,309.0,340.0
2020-01-01 00:29:06+00:00,100.09024188747817,206.0,71.0
2020-01-01 00:29:08+00:00,100.11664762370249,324.0,117.0
2020-01-01 00:29:10+00:00,100.11316013765266,343.0,295.0
2020-01-01 00:29:12+00:00,100.0797764359945,228.0,324.0
2020-01-01 00:29:14+00:00,100.05932231360855,291.0,164.0
2020-01-01 00:29:16+00:00,100.07413169906863,306.0,181.0
2020-01-01 00:29:18+00:00,100.06916745651394,278.0,54.0
2020-01-01 00:29:20+00:00,100.07263900062645,164.0,89.0
2020-01-01 00:29:22+00:00,100.06787926832268,154.0,165.0
2020-01-01 00:29:24+00:00,100.04859095075952,197.0,288.0
2020-01-01 00:29:26+00:00,100.0542713488825,385.0,270.0
2020-01-01 00:29:28+00:00,100.08474143266818,269.0,354.0
2020-01-01 00:29:30+00:00,100.06562937925142,85.0,201.0
2020-01-01 00:29:32+00:00,100.04299553384845,99.0,127.0
2020-01-01 00:29:34+00:00,100.04743025763945,299.0,162.0
2020-01-01 00:29:36+00:00,100.06031236840526,396.0,246.0
2020-01-01 00:29:38+00:00,100.06910899388443,134.0,386.0
2020-01-01 00:29:40+00:00,100.0536395517166,149.0,359.0
2020-01-01 00:29:42+00:00,100.05647149390522,180.0,54.0
2020-01-01 00:29:44+00:00,100.07434487639733,264.0,207.0
2020-01-01 00:29:46+00:00,100.08334861371493,381.0,98.0
2020-01-01 00:29:48+00:00,100.07318704697397,103.0,172.0
2020-01-01 00:29:50+00:00,100.04739654404017,74.0,86.0
2020-01-01 00:29:52+00:00,100.0617877832752,342.0,156.0
2020-01-01 00:29:54+00:00,100.07076100420393,309.0,297.0
2020-01-01 00:29:56+00:00,100.06250516418672,184.0,292.0
2020-01-01 00:29:58+00:00,100.07701611844419,198.0,295.0
2020-01-01 00:30:00+00:00,100.07951429321113,385.0,272.0
2020-01-01 00:30:02+00:00,100.0970461234442,314.0,100.0
2020-01-01 00:30:04+00:00,100.09928480534028,308.0,209.0
2020-01-01 00:30:06+00:00,100.10185518705724,154.0,226.0
2020-01-01 00:30:08+00:00,100.09486555121455,280.0,242.0
2020-01-01 00:30:10+00:00,100.1157498263927,241.0,159.0
2020-01-01 00:30:12+00:00,100.11034386969327,338.0,83.0
2020-01-01 00:30:14+00:00,100.09869099102772,326.0,80.0
2020-01-01 00:30:16+00:00,100.10456023962894,303.0,311.0
2020-01-01 00:30:18+00:00,100.0682825211485,109.0,204.0
2020-01-01 00:30:20+00:00,100.07582952803946,59.0,219.0
2020-01-01 00:30:22+00:00,100.08008665532729,372.0,70.0
2020-01-01 00:30:24+00:00,100.09769063368861,160.0,373.0
2020-01-01 00:30:26+00:00,100.08551508941565,289.0,117.0
2020-01-01 00:30:28+00:00,100.11073373562104,107.0,152.0
2020-01-01 00:30:30+00:00,100.07697517417627,239.0,80.0
2020-01-01 00:30:32+00:00,100.0823363971013,386.0,151.0
2020-01-01 00:30:34+00:00,100.08498298356555,362.0,209.0
2020-01-01 00:30:36+00:00,100.08033748876859,174.0,381.0
2020-01-01 00:30:38+00:00,100.0873905017471,379.0,178.0
2020-01-01 00:30:40+00:00,100.09503724176417,398.0,203.0
2020-01-01 00:30:42+00:00,100.09038724279668,265.0,74.0
2020-01-01 00:30:44+00:00,100.06928125084639,146.0,79.0
2020-01-01 00:30:46+00:00,100.0960007116375,283.0,258.0
2020-01-01 00:30:48+00:00,100.08731343513261,140.0,215.0
2020-01-01 00:30:50+00:00,100.07607788941239,328.0,219.0
2020-01-01 00:30:52+00:00,100.07383550877489,370.0,109.0
2020-01-01 00:30:54+00:00,100.05480786946883,293.0,339.0
2020-01-01 00:30:56+00:00,100.05085605766713,213.0,240.0
2020-01-01 00:30:58+00:00,100.04765226375619,193.0,332.0
2020-01-01 00:31:00+00:00,100.04660595168394,211.0,375.0
2020-01-01 00:31:02+00:00,100.03414775599457,136.0,180.0
2020-01-01 00:31:04+00:00,100.0379288016554,105.0,335.0
2020-01-01 00:31:06+00:00,100.03955236472436,332.0,352.0
2020-01-01 00:31:08+00:00,100.0447019648762,356.0,212.0
2020-01-01 00:31:10+00:00,100.05487632879094,130.0,182.0
2020-01-01 00:31:12+00:00,100.05068793372095,289.0,347.0
2020-01-01 00:31:14+00:00,100.06691444879655,191.0,197.0
2020-01-01 00:31:16+00:00,100.05524403668113,232.0,52.0
2020-01-01 00:31:18+00:00,100.07272819218649,281.0,336.0
2020-01-01 00:31:20+00:00,100.03317584007226,389.0,338.0
2020-01-01 00:31:22+00:00,100.04115751957319,261.0,392.0
2020-01-01 00:31:24+00:00,100.04024253206815,174.0,318.0
2020-01-01 00:31:26+00:00,100.01964985043222,67.0,208.0
2020-01-01 00:31:28+00:00,100.02078848097004,84.0,180.0
2020-01-01 00:31:30+00:00,100.04137279013815,266.0,156.0
2020-01-01 00:31:32+00:00,100.05787073776636,129.0,357.0
2020-01-01 00:31:34+00:00,100.05324337669934,242.0,240.0
2020-01-01 00:31:36+00:00,100.07770359626758,318.0,327.0
2020-01-01 00:31:38+00:00,100.04532747800222,241.0,236.0
2020-01-01 00:31:40+00:00,100.06579385530142,373.0,175.0
2020-01-01 00:31:42+00:00,100.05946076890528,265.0,378.0
2020-01-01 00:31:44+00:00,100.06722830145658,156.0,76.0
2020-01-01 00:31:46+00:00,100.08393028039085,51.0,202.0
2020-01-01 00:31:48+00:00,100.05480523176135,101.0,381.0
2020-01-01 00:31:50+00:00,100.07448995974333,83.0,236.0
2020-01-01 00:31:52+00:00,100.07503392379778,228.0,169.0
2020-01-01 00:31:54+00:00,100.10046440600166,242.0,312.0
2020-01-01 00:31:56+00:00,100.10245874557512,179.0,188.0
2020-01-01 00:31:58+00:00,100.11074165465963,366.0,285.0
2020-01-01 00:32:00+00:00,100.12810708782119,139.0,250.0
2020-01-01 00:32:02+00:00,100.12726821179305,189.0,370.0
2020-01-01 00:32:04+00:00,100.13808650789173,211.0,247.0
2020-01-01 00:32:06+00:00,100.13864299317305,170.0,140.0
2020-01-01 00:32:08+00:00,100.15241179687284,244.0,218.0
2020-01-01 00:32:10+00:00,100.15320686775196,216.0,132.0
2020-01-01 00:32:12+00:00,100.15798336418808,359.0,96.0
2020-01-01 00:32:14+00:00,100.15917830649742,117.0,176.0
2020-01-01 00:32:16+00:00,100.12900287990628,113.0,216.0
2020-01-01 00:32:18+00:00,100.13656284194028,351.0,194.0
2020-01-01 00:32:20+00:00,100.14566139151084,189.0,297.0
2020-01-01 00:32:22+00:00,100.1130413034349,381.0,271.0
2020-01-01 00:32:24+00:00,100.12154663472388,139.0,235.0
2020-01-01 00:32:26+00:00,100.11664303920631,252.0,277.0
2020-01-01 00:32:28+00:00,100.11239818572545,310.0,173.0
2020-01-01 00:32:30+00:00,100.10469353688534,332.0,343.0
2020-01-01 00:32:32+00:00,100.06974174559672,393.0,185.0
2020-01-01 00:32:34+00:00,100.06715337443282,102.0,185.0
2020-01-01 00:32:36+00:00,100.04757965501118,199.0,242.0
2020-01-01 00:32:38+00:00,100.0492253661834,60.0,210.0
2020-01-01 00:32:40+00:00,100.04628099983283,220.0,116.0
2020-01-01 00:32:42+00:00,100.06554843629618,66.0,329.0
2020-01-01 00:32:44+00:00,100.05819124009055,346.0,359.0
2020-01-01 00:32:46+00:00,100.07760399587457,184.0,314.0
2020-01-01 00:32:48+00:00,100.09156824519012,142.0,257.0
2020-01-01 00:32:50+00:00,100.07278219999029,338.0,106.0
2020-01-01 00:32:52+00:00,100.09248762500211,249.0,257.0
2020-01-01 00:32:54+00:00,100.06050026409012,281.0,275.0
2020-01-01 00:32:56+00:00,100.06546341924637,198.0,344.0
2020-01-01 00:32:58+00:00,100.0680632446086,352.0,130.0
2020-01-01 00:33:00+00:00,100.06488613542273,264.0,55.0
2020-01-01 00:33:02+00:00,100.07051093231883,265.0,134.0
2020-01-01 00:33:04+00:00,100.07096436204345,71.0,68.0
2020-01-01 00:33:06+00:00,100.09052685661092,335.0,207.0
2020-01-01 00:33:08+00:00,100.09412791618108,129.0,156.0
2020-01-01 00:33:10+00:00,100.0832693481397,182.0,266.0
2020-01-01 00:33:12+00:00,100.08101748603387,231.0,64.0
2020-01-01 00:33:14+00:00,100.09257633804471,161.0,62.0
2020-01-01 00:33:16+00:00,100.10137257087511,173.0,261.0
2020-01-01 00:33:18+00:00,100.10477727512288,342.0,380.0
2020-01-01 00:33:20+00:00,100.1005952169006,131.0,333.0
2020-01-01 00:33:22+00:00,100.11039336122681,162.0,363.0
2020-01-01 00:33:24+00:00,100.09121352286745,315.0,350.0
2020-01-01 00:33:26+00:00,100.08050817909495,174.0,299.0
2020-01-01 00:33:28+00:00,100.08506940890578,269.0,50.0
2020-01-01 00:33:30+00:00,100.11024519494859,122.0,203.0
2020-01-01 00:33:32+00:00,100.09095488885454,110.0,391.0
2020-01-01 00:33:34+00:00,100.08521562529488,340.0,291.0
2020-01-01 00:33:36+00:00,100.09690925679033,73.0,350.0
2020-01-01 00:33:38+00:00,100.09447239493355,249.0,357.0
2020-01-01 00:33:40+00:00,100.0820907682857,116.0,69.0
2020-01-01 00:33:42+00:00,100.10699899350107,139.0,222.0
2020-01-01 00:33:44+00:00,100.10629950069948,261.0,374.0
2020-01-01 00:33:46+00:00,100.11032675835611,79.0,166.0
2020-01-01 00:33:48+00:00,100.10234030684553,378.0,317.0
2020-01-01 00:33:50+00:00,100.12098043902695,276.0,379.0
2020-01-01 00:33:52+00:00,100.08294892524653,227.0,148.0
2020-01-01 00:33:54+00:00,100.1018569317913,246.0,362.0
2020-01-01 00:33:56+00:00,100.08012736682942,194.0,249.0
2020-01-01 00:33:58+00:00,100.07001490949122,251.0,192.0
2020-01-01 00:34:00+00:00,100.08114783430446,192.0,313.0
2020-01-01 00:34:02+00:00,100.06678867546057,220.0,327.0
2020-01-01 00:34:04+00:00,100.09337870727269,164.0,171.0
2020-01-01 00:34:06+00:00,100.08530602726866,273.0,124.0
2020-01-01 00:34:08+00:00,100.10181613279484,113.0,112.0
2020-01-01 00:34:10+00:00,100.11067583803273,367.0,180.0
2020-01-01 00:34:12+00:00,100.10879742606323,57.0,149.0
2020-01-01 00:34:14+00:00,100.08219157129955,98.0,133.0
2020-01-01 00:34:16+00:00,100.09902299586847,148.0,324.0
2020-01-01 00:34:18+00:00,100.09934102387135,388.0,289.0
2020-01-01 00:34:20+00:00,100.09613662208588,102.0,376.0
2020-01-01 00:34:22+00:00,100.10163465131853,192.0,92.0
2020-01-01 00:34:24+00:00,100.11336332478312,263.0,77.0
2020-01-01 00:34:26+00:00,100.11643016345256,206.0,377.0
2020-01-01 00:34:28+00:00,100.08732593538154,262.0,53.0
2020-01-01 00:34:30+00:00,100.13294897008012,238.0,283.0
2020-01-01 00:34:32+00:00,100.08439983556971,162.0,366.0
2020-01-01 00:34:34+00:00,100.09956815556536,239.0,399.0
2020-01-01 00:34:36+00:00,100.08916467559209,94.0,370.0
2020-01-01 00:34:38+00:00,100.08199345677163,397.0,67.0
2020-01-01 00:34:40+00:00,100.09729548337003,81.0,192.0
2020-01-01 00:34:42+00:00,100.08821328349315,179.0,169.0
2020-01-01 00:34:44+00:00,100.11891435129616,58.0,380.0
2020-01-01 00:34:46+00:00,100.09189479504263,88.0,261.0
2020-01-01 00:34:48+00:00,100.0978101791728,155.0,334.0
2020-01-01 00:34:50+00:00,100.1054659264973,148.0,321.0
2020-01-01 00:34:52+00:00,100.09879175879686,278.0,341.0
2020-01-01 00:34:54+00:00,100.09323796763971,76.0,88.0
2020-01-01 00:34:56+00:00,100.09379787977879,170.0,245.0
2020-01-01 00:34:58+00:00,100.09335655976535,354.0,149.0
2020-01-01 00:35:00+00:00,100.09503724417327,342.0,188.0
2020-01-01 00:35:02+00:00,100.1193604457489,82.0,284.0
2020-01-01 00:35:04+00:00,100.10390102448812,346.0,250.0
2020-01-01 00:35:06+00:00,100.11353439606503,378.0,140.0
2020-01-01 00:35:08+00:00,100.11976413054647,231.0,314.0
2020-01-01 00:35:10+00:00,100.1020726609128,187.0,225.0
2020-01-01 00:35:12+00:00,100.09617651028594,386.0,258.0
2020-01-01 00:35:14+00:00,100.09346981880475,105.0,234.0
2020-01-01 00:35:16+00:00,100.08236170390664,91.0,313.0
2020-01-01 00:35:18+00:00,100.0877946089036,107.0,381.0
2020-01-01 00:35:20+00:00,100.09723722752753,262.0,292.0
2020-01-01 00:35:22+00:00,100.08501393979114,121.0,306.0
2020-01-01 00:35:24+00:00,100.07471829878347,347.0,186.0
2020-01-01 00:35:26+00:00,100.08020474412803,75.0,397.0
2020-01-01 00:35:28+00:00,100.04404571483927,192.0,106.0
2020-01-01 00:35:30+00:00,100.06304287979395,134.0,123.0
2020-01-01 00:35:32+00:00,100.0541943907691,170.0,337.0
2020-01-01 00:35:34+00:00,100.03655853776694,192.0,330.0
2020-01-01 00:35:36+00:00,100.03836392327314,169.0,237.0
2020-01-01 00:35:38+00:00,100.02232046453555,242.0,81.0
2020-01-01 00:35:40+00:00,100.05000162391846,291.0,366.0
2020-01-01 00:35:42+00:00,100.03345442299815,254.0,79.0
2020-01-01 00:35:44+00:00,100.06660361512388,237.0,165.0
2020-01-01 00:35:46+00:00,100.05704526530022,388.0,306.0
2020-01-01 00:35:48+00:00,100.0401594471037,100.0,206.0
2020-01-01 00:35:50+00:00,100.04457257815434,51.0,151.0
2020-01-01 00:35:52+00:00,100.06534265540778,225.0,70.0
2020-01-01 00:35:54+00:00,100.08476118545728,362.0,273.0
2020-01-01 00:35:56+00:00,100.09456495550657,258.0,290.0
2020-01-01 00:35:58+00:00,100.08326735218482,123.0,98.0
2020-01-01 00:36:00+00:00,100.11232520833694,124.0,188.0
2020-01-01 00:36:02+00:00,100.09480437433456,185.0,370.0
2020-01-01 00:36:04+00:00,100.10259080599216,53.0,381.0
2020-01-01 00:36:06+00:00,100.10610947282433,51.0,191.0
2020-01-01 00:36:08+00:00,100.10310109127232,193.0,89.0
2020-01-01 00:36:10+00:00,100.09976017029652,381.0,130.0
2020-01-01 00:36:12+00:00,100.09867418448594,150.0,277.0
2020-01-01 00:36:14+00:00,100.11801663094573,112.0,141.0
2020-01-01 00:36:16+00:00,100.12196983458497,256.0,268.0
2020-01-01 00:36:18+00:00,100.12561172789651,279.0,81.0
2020-01-01 00:36:20+00:00,100.15102934443631,320.0,172.0
2020-01-01 00:36:22+00:00,100.1494053943061,246.0,144.0
2020-01-01 00:36:24+00:00,100.1572044954621,318.0,123.0
2020-01-01 00:36:26+00:00,100.17749685467835,399.0,249.0
2020-01-01 00:36:28+00:00,100.17445179484015,88.0,366.0
2020-01-01 00:36:30+00:00,100.13705342968282,363.0,322.0
2020-01-01 00:36:32+00:00,100.14256939707982,64.0,110.0
2020-01-01 00:36:34+00:00,100.12222268335492,224.0,378.0
2020-01-01 00:36:36+00:00,100.12984090595185,162.0,223.0
2020-01-01 00:36:38+00:00,100.12909701507446,368.0,399.0
2020-01-01 00:36:40+00:00,100.11831587159888,373.0,99.0
2020-01-01 00:36:42+00:00,100.13291374411273,194.0,314.0
2020-01-01 00:36:44+00:00,100.1076396847226,73.0,383.0
2020-01-01 00:36:46+00:00,100.11781645226573,171.0,276.0
2020-01-01 00:36:48+00:00,100.13322964638097,233.0,232.0
2020-01-01 00:36:50+00:00,100.15916867701472,160.0,333.0
2020-01-01 00:36:52+00:00,100.15422829814706,384.0,263.0
2020-01-01 00:36:54+00:00,100.17062348879116,119.0,286.0
2020-01-01 00:36:56+00:00,100.15784270268993,346.0,222.0
2020-01-01 00:36:58+00:00,100.17239258361202,149.0,155.0
2020-01-01 00:37:00+00:00,100.15793780195466,267.0,206.0
2020-01-01 00:37:02+00:00,100.16487825542411,294.0,333.0
2020-01-01 00:37:04+00:00,100.175460738895,339.0,165.0
2020-01-01 00:37:06+00:00,100.1766600243847,367.0,246.0
2020-01-01 00:37:08+00:00,100.18962317350382,202.0,327.0
2020-01-01 00:37:10+00:00,100.17036997103304,218.0,81.0
2020-01-01 00:37:12+00:00,100.18212399448807,399.0,177.0
2020-01-01 00:37:14+00:00,100.17288530497962,229.0,215.0
2020-01-01 00:37:16+00:00,100.19608548839709,197.0,298.0
2020-01-01 00:37:18+00:00,100.18506349552553,109.0,163.0
2020-01-01 00:37:20+00:00,100.18171343995351,164.0,110.0
2020-01-01 00:37:22+00:00,100.19605028789938,205.0,237.0
2020-01-01 00:37:24+00:00,100.1862005291355,75.0,276.0
2020-01-01 00:37:26+00:00,100.1767889073222,148.0,301.0
2020-01-01 00:37:28+00:00,100.15846113323929,281.0,196.0
2020-01-01 00:37:30+00:00,100.17188594785223,326.0,76.0
2020-01-01 00:37:32+00:00,100.15949443777363,299.0,332.0
2020-01-01 00:37:34+00:00,100.14394727716409,361.0,164.0
2020-01-01 00:37:36+00:00,100.14749618223799,325.0,254.0
2020-01-01 00:37:38+00:00,100.17444026324051,299.0,91.0
2020-01-01 00:37:40+00:00,100.1841506997509,85.0,363.0
2020-01-01 00:37:42+00:00,100.19489443959027,321.0,168.0
2020-01-01 00:37:44+00:00,100.20564335879708,378.0,56.0
2020-01-01 00:37:46+00:00,100.20302430802248,317.0,176.0
2020-01-01 00:37:48+00:00,100.20266406437278,101.0,67.0
2020-01-01 00:37:50+00:00,100.2085423927919,323.0,245.0
2020-01-01 00:37:52+00:00,100.2119611246136,369.0,268.0
2020-01-01 00:37:54+00:00,100.20727508564956,196.0,293.0
2020-01-01 00:37:56+00:00,100.1797176147083,235.0,190.0
2020-01-01 00:37:58+00:00,100.19576611900506,70.0,184.0
2020-01-01 00:38:00+00:00,100.17771880411514,294.0,121.0
2020-01-01 00:38:02+00:00,100.20398939114537,230.0,135.0
2020-01-01 00:38:04+00:00,100.18692220333277,335.0,121.0
2020-01-01 00:38:06+00:00,100.18003409726195,283.0,177.0
2020-01-01 00:38:08+00:00,100.18770078501399,302.0,384.0
2020-01-01 00:38:10+00:00,100.18175548154169,208.0,122.0
2020-01-01 00:38:12+00:00,100.18404337487162,388.0,342.0
2020-01-01 00:38:14+00:00,100.19128195072426,213.0,302.0
2020-01-01 00:38:16+00:00,100.17939968744169,153.0,385.0
2020-01-01 00:38:18+00:00,100.17800969641058,205.0,184.0
2020-01-01 00:38:20+00:00,100.18939442223181,224.0,214.0
2020-01-01 00:38:22+00:00,100.19349258823789,75.0,160.0
2020-01-01 00:38:24+00:00,100.17391895033505,376.0,263.0
2020-01-01 00:38:26+00:00,100.19577295401292,391.0,186.0
2020-01-01 00:38:28+00:00,100.20239989927087,54.0,261.0
2020-01-01 00:38:30+00:00,100.18237539857006,313.0,183.0
2020-01-01 00:38:32+00:00,100.21871420346872,57.0,64.0
2020-01-01 00:38:34+00:00,100.21459307515796,344.0,86.0
2020-01-01 00:38:36+00:00,100.21423173614225,71.0,230.0
2020-01-01 00:38:38+00:00,100.19965976291282,286.0,338.0
2020-01-01 00:38:40+00:00,100.1910096363928,218.0,263.0
2020-01-01 00:38:42+00:00,100.21160935110116,261.0,310.0
2020-01-01 00:38:44+00:00,100.22839757626232,303.0,329.0
2020-01-01 00:38:46+00:00,100.21577143815705,95.0,193.0
2020-01-01 00:38:48+00:00,100.24029792627823,330.0,355.0
2020-01-01 00:38:50+00:00,100.24840258932755,183.0,183.0
2020-01-01 00:38:52+00:00,100.25001804760109,151.0,82.0
2020-01-01 00:38:54+00:00,100.27462248384116,130.0,176.0
2020-01-01 00:38:56+00:00,100.25528439531699,152.0,116.0
2020-01-01 00:38:58+00:00,100.2689673051864,243.0,162.0
2020-01-01 00:39:00+00:00,100.25645576713347,168.0,165.0
2020-01-01 00:39:02+00:00,100.26556295559458,107.0,305.0
2020-01-01 00:39:04+00:00,100.26280535124566,222.0,192.0
2020-01-01 00:39:06+00:00,100.2926650003611,110.0,190.0
2020-01-01 00:39:08+00:00,100.2441541639054,324.0,154.0
2020-01-01 00:39:10+00:00,100.27439058257418,74.0,217.0
2020-01-01 00:39:12+00:00,100.27052714863035,270.0,198.0
2020-01-01 00:39:14+00:00,100.28035371645636,51.0,347.0
2020-01-01 00:39:16+00:00,100.24239656449703,298.0,379.0
2020-01-01 00:39:18+00:00,100.27774960261179,81.0,186.0
2020-01-01 00:39:20+00:00,100.28278457655682,175.0,128.0
2020-01-01 00:39:22+00:00,100.28904260586668,167.0,60.0
2020-01-01 00:39:24+00:00,100.27367239092963,51.0,215.0
2020-01-01 00:39:26+00:00,100.26921096997995,163.0,152.0
2020-01-01 00:39:28+00:00,100.28462407553201,217.0,162.0
2020-01-01 00:39:30+00:00,100.28337893215793,366.0,275.0
2020-01-01 00:39:32+00:00,100.2875538434124,155.0,184.0
2020-01-01 00:39:34+00:00,100.27159729203045,130.0,137.0
2020-01-01 00:39:36+00:00,100.27386355565267,326.0,326.0
2020-01-01 00:39:38+00:00,100.28301446382721,335.0,249.0
2020-01-01 00:39:40+00:00,100.29744668452042,331.0,236.0
2020-01-01 00:39:42+00:00,100.31126103678595,338.0,229.0
2020-01-01 00:39:44+00:00,100.30187033783187,171.0,301.0
2020-01-01 00:39:46+00:00,100.28967013960734,299.0,133.0
2020-01-01 00:39:48+00:00,100.30570177424447,79.0,269.0
2020-01-01 00:39:50+00:00,100.29541902286917,140.0,240.0
2020-01-01 00:39:52+00:00,100.2852204039187,261.0,394.0
2020-01-01 00:39:54+00:00,100.29222149681563,343.0,353.0
2020-01-01 00:39:56+00:00,100.27427959319544,306.0,191.0
2020-01-01 00:39:58+00:00,100.2770289689213,201.0,146.0
2020-01-01 00:40:00+00:00,100.26756397540198,377.0,271.0
2020-01-01 00:40:02+00:00,100.26807640428925,106.0,109.0
2020-01-01 00:40:04+00:00,100.26032991041475,104.0,317.0
2020-01-01 00:40:06+00:00,100.25744815549206,395.0,345.0
2020-01-01 00:40:08+00:00,100.27143518096469,237.0,115.0
2020-01-01 00:40:10+00:00,100.24471539005495,68.0,140.0
2020-01-01 00:40:12+00:00,100.22879079424543,72.0,307.0
2020-01-01 00:40:14+00:00,100.25718495407897,346.0,321.0
2020-01-01 00:40:16+00:00,100.26342167411543,340.0,150.0
2020-01-01 00:40:18+00:00,100.27693086902956,220.0,127.0
2020-01-01 00:40:20+00:00,100.25511369860621,385.0,146.0
2020-01-01 00:40:22+00:00,100.25280265291833,257.0,383.0
2020-01-01 00:40:24+00:00,100.22826653030154,153.0,179.0
2020-01-01 00:40:26+00:00,100.21700031729397,207.0,74.0
2020-01-01 00:40:28+00:00,100.24041470490778,387.0,306.0
2020-01-01 00:40:30+00:00,100.24454380101831,389.0,188.0
2020-01-01 00:40:32+00:00,100.23869072170551,174.0,361.0
2020-01-01 00:40:34+00:00,100.21246683745343,115.0,265.0
2020-01-01 00:40:36+00:00,100.23073808282618,80.0,206.0
2020-01-01 00:40:38+00:00,100.23579122559582,220.0,390.0
2020-01-01 00:40:40+00:00,100.24082406526358,216.0,190.0
2020-01-01 00:40:42+00:00,100.25543576460332,255.0,317.0
2020-01-01 00:40:44+00:00,100.23487055638792,283.0,384.0
2020-01-01 00:40:46+00:00,100.22348074515628,182.0,116.0
2020-01-01 00:40:48+00:00,100.23247964916743,351.0,387.0
2020-01-01 00:40:50+00:00,100.21182572174827,303.0,121.0
2020-01-01 00:40:52+00:00,100.23086510272927,278.0,241.0
2020-01-01 00:40:54+00:00,100.2417486348504,165.0,76.0
2020-01-01 00:40:56+00:00,100.23762932178084,271.0,150.0
2020-01-01 00:40:58+00:00,100.22962117770672,71.0,138.0
2020-01-01 00:41:00+00:00,100.21293733396361,383.0,119.0
2020-01-01 00:41:02+00:00,100.25249646899084,213.0,154.0
2020-01-01 00:41:04+00:00,100.25262678704036,194.0,82.0
2020-01-01 00:41:06+00:00,100.24009876372652,390.0,75.0
2020-01-01 00:41:08+00:00,100.27250485697212,296.0,259.0
2020-01-01 00:41:10+00:00,100.24813318288777,290.0,237.0
2020-01-01 00:41:12+00:00,100.26348367095422,181.0,370.0
2020-01-01 00:41:14+00:00,100.2510963371379,200.0,211.0
2020-01-01 00:41:16+00:00,100.24041446896501,129.0,175.0
2020-01-01 00:41:18+00:00,100.24336511135203,259.0,258.0
2020-01-01 00:41:20+00:00,100.27431242671334,381.0,150.0
2020-01-01 00:41:22+00:00,100.28872434716877,188.0,176.0
2020-01-01 00:41:24+00:00,100.2691075885434,271.0,59.0
2020-01-01 00:41:26+00:00,100.25900669819256,220.0,92.0
2020-01-01 00:41:28+00:00,100.26879868629165,360.0,307.0
2020-01-01 00:41:30+00:00,100.27108545388647,385.0,114.0
2020-01-01 00:41:32+00:00,100.28367757122857,263.0,136.0
2020-01-01 00:41:34+00:00,100.27563680917018,96.0,285.0
2020-01-01 00:41:36+00:00,100.24286662475558,105.0,342.0
2020-01-01 00:41:38+00:00,100.22983893802225,118.0,323.0
2020-01-01 00:41:40+00:00,100.22799477222226,268.0,306.0
2020-01-01 00:41:42+00:00,100.21960336157102,395.0,172.0
2020-01-01 00:41:44+00:00,100.22391016532549,100.0,375.0
2020-01-01 00:41:46+00:00,100.21046461630037,238.0,228.0
2020-01-01 00:41:48+00:00,100.23728326315582,60.0,225.0
2020-01-01 00:41:50+00:00,100.21842490421867,84.0,280.0
2020-01-01 00:41:52+00:00,100.21678299611507,389.0,347.0
2020-01-01 00:41:54+00:00,100.23069661067375,222.0,308.0
2020-01-01 00:41:56+00:00,100.21845470727052,75.0,218.0
2020-01-01 00:41:58+00:00,100.22112103506988,391.0,78.0
2020-01-01 00:42:00+00:00,100.22823195616891,364.0,334.0
2020-01-01 00:42:02+00:00,100.23171378262103,346.0,232.0
2020-01-01 00:42:04+00:00,100.22112298044925,291.0,384.0
2020-01-01 00:42:06+00:00,100.20780239718422,257.0,155.0
2020-01-01 00:42:08+00:00,100.23679403352209,342.0,96.0
2020-01-01 00:42:10+00:00,100.24059647423722,371.0,54.0
2020-01-01 00:42:12+00:00,100.24096384883278,358.0,250.0
2020-01-01 00:42:14+00:00,100.24491847845856,324.0,308.0
2020-01-01 00:42:16+00:00,100.23514080693057,97.0,224.0
2020-01-01 00:42:18+00:00,100.21912349304749,276.0,279.0
2020-01-01 00:42:20+00:00,100.2177217179916,217.0,192.0
2020-01-01 00:42:22+00:00,100.25283474870781,192.0,94.0
2020-01-01 00:42:24+00:00,100.24520493075177,295.0,93.0
2020-01-01 00:42:26+00:00,100.24806746365505,193.0,367.0
2020-01-01 00:42:28+00:00,100.21859510494119,214.0,213.0
2020-01-01 00:42:30+00:00,100.23287748278513,71.0,226.0
2020-01-01 00:42:32+00:00,100.22479515136187,82.0,73.0
2020-01-01 00:42:34+00:00,100.23083828758276,327.0,147.0
2020-01-01 00:42:36+00:00,100.22871539577412,61.0,82.0
2020-01-01 00:42:38+00:00,100.22661432988284,115.0,159.0
2020-01-01 00:42:40+00:00,100.20570952978915,340.0,368.0
2020-01-01 00:42:42+00:00,100.20335655333248,202.0,79.0
2020-01-01 00:42:44+00:00,100.20157343941685,175.0,282.0
2020-01-01 00:42:46+00:00,100.18825441835757,365.0,355.0
2020-01-01 00:42:48+00:00,100.21593276533686,132.0,123.0
2020-01-01 00:42:50+00:00,100.19478268304562,186.0,171.0
2020-01-01 00:42:52+00:00,100.18971670284125,293.0,360.0
2020-01-01 00:42:54+00:00,100.17971208745158,90.0,379.0
2020-01-01 00:42:56+00:00,100.17845051175401,157.0,116.0
2020-01-01 00:42:58+00:00,100.20682724948952,346.0,280.0
2020-01-01 00:43:00+00:00,100.21875762254064,121.0,140.0
2020-01-01 00:43:02+00:00,100.17897876038582,181.0,102.0
2020-01-01 00:43:04+00:00,100.20642273608867,169.0,373.0
2020-01-01 00:43:06+00:00,100.20287012671328,330.0,81.0
2020-01-01 00:43:08+00:00,100.22714040347428,365.0,53.0
2020-01-01 00:43:10+00:00,100.22584189720584,365.0,185.0
2020-01-01 00:43:12+00:00,100.22746241347676,338.0,185.0
2020-01-01 00:43:14+00:00,100.21366228588766,82.0,396.0
2020-01-01 00:43:16+00:00,100.20764220663926,96.0,235.0
2020-01-01 00:43:18+00:00,100.20377236641694,276.0,125.0
2020-01-01 00:43:20+00:00,100.2444574778901,91.0,197.0
2020-01-01 00:43:22+00:00,100.23478273274685,251.0,285.0
2020-01-01 00:43:24+00:00,100.22169549827086,375.0,340.0
2020-01-01 00:43:26+00:00,100.24331511213438,303.0,251.0
2020-01-01 00:43:28+00:00,100.23379643730416,348.0,304.0
2020-01-01 00:43:30+00:00,100.23020599797134,200.0,114.0
2020-01-01 00:43:32+00:00,100.23125500448792,271.0,318.0
2020-01-01 00:43:34+00:00,100.21868831818759,355.0,331.0
2020-01-01 00:43:36+00:00,100.23286942480179,220.0,274.0
2020-01-01 00:43:38+00:00,100.21988922855296,146.0,180.0
2020-01-01 00:43:40+00:00,100.23601968299921,249.0,229.0
2020-01-01 00:43:42+00:00,100.26908575449728,98.0,368.0
2020-01-01 00:43:44+00:00,100.24354801428055,56.0,158.0
2020-01-01 00:43:46+00:00,100.26487883411606,382.0,136.0
2020-01-01 00:43:48+00:00,100.26656993228053,228.0,222.0
2020-01-01 00:43:50+00:00,100.28278547587436,314.0,79.0
2020-01-01 00:43:52+00:00,100.2704102128672,381.0,316.0
2020-01-01 00:43:54+00:00,100.27674403287176,87.0,85.0
2020-01-01 00:43:56+00:00,100.27539749525141,362.0,164.0
2020-01-01 00:43:58+00:00,100.28734649382028,240.0,65.0
2020-01-01 00:44:00+00:00,100.25781839433971,346.0,205.0
2020-01-01 00:44:02+00:00,100.26104143666043,187.0,181.0
2020-01-01 00:44:04+00:00,100.25631491835703,168.0,149.0
2020-01-01 00:44:06+00:00,100.25012586904377,113.0,66.0
2020-01-01 00:44:08+00:00,100.26108661885564,72.0,199.0
2020-01-01 00:44:10+00:00,100.23294582124208,269.0,135.0
2020-01-01 00:44:12+00:00,100.22782289354745,177.0,55.0
2020-01-01 00:44:14+00:00,100.23858810552208,142.0,246.0
2020-01-01 00:44:16+00:00,100.217716208272,177.0,367.0
2020-01-01 00:44:18+00:00,100.22617255323209,294.0,114.0
2020-01-01 00:44:20+00:00,100.25991968694963,391.0,243.0
2020-01-01 00:44:22+00:00,100.24054962431383,204.0,114.0
2020-01-01 00:44:24+00:00,100.2330112246999,195.0,211.0
2020-01-01 00:44:26+00:00,100.21655305065835,296.0,321.0
2020-01-01 00:44:28+00:00,100.21871279755274,144.0,151.0
2020-01-01 00:44:30+00:00,100.22827815102735,74.0,222.0
2020-01-01 00:44:32+00:00,100.22974072540848,283.0,114.0
2020-01-01 00:44:34+00:00,100.24208980600838,277.0,222.0
2020-01-01 00:44:36+00:00,100.23193608021495,321.0,181.0
2020-01-01 00:44:38+00:00,100.22574344036528,341.0,165.0
2020-01-01 00:44:40+00:00,100.23325881102474,375.0,56.0
2020-01-01 00:44:42+00:00,100.2349024981277,363.0,56.0
2020-01-01 00:44:44+00:00,100.23034228932207,124.0,191.0
2020-01-01 00:44:46+00:00,100.20824117693441,322.0,119.0
2020-01-01 00:44:48+00:00,100.20975302405483,176.0,118.0
2020-01-01 00:44:50+00:00,100.20856570583867,304.0,254.0
2020-01-01 00:44:52+00:00,100.21186664924703,150.0,91.0
2020-01-01 00:44:54+00:00,100.21583372127047,93.0,272.0
2020-01-01 00:44:56+00:00,100.22233315904907,240.0,136.0
2020-01-01 00:44:58+00:00,100.22869139147535,71.0,233.0
2020-01-01 00:45:00+00:00,100.23533769307372,58.0,183.0
2020-01-01 00:45:02+00:00,100.25638377669257,307.0,119.0
2020-01-01 00:45:04+00:00,100.2452270128253,187.0,277.0
2020-01-01 00:45:06+00:00,100.2063697019281,130.0,262.0
2020-01-01 00:45:08+00:00,100.20550276574797,141.0,134.0
2020-01-01 00:45:10+00:00,100.22667500292513,70.0,237.0
2020-01-01 00:45:12+00:00,100.19520694364341,185.0,245.0
2020-01-01 00:45:14+00:00,100.20491617532807,283.0,140.0
2020-01-01 00:45:16+00:00,100.21821131936876,339.0,242.0
2020-01-01 00:45:18+00:00,100.21286692396485,99.0,205.0
2020-01-01 00:45:20+00:00,100.17600002021521,384.0,60.0
2020-01-01 00:45:22+00:00,100.18691114014764,53.0,262.0
2020-01-01 00:45:24+00:00,100.18831928220483,254.0,243.0
2020-01-01 00:45:26+00:00,100.20956062588498,370.0,177.0
2020-01-01 00:45:28+00:00,100.22080233178261,321.0,394.0
2020-01-01 00:45:30+00:00,100.18090367302675,107.0,199.0
2020-01-01 00:45:32+00:00,100.1636651956994,378.0,181.0
2020-01-01 00:45:34+00:00,100.17696150978092,69.0,335.0
2020-01-01 00:45:36+00:00,100.15968192800334,129.0,194.0
2020-01-01 00:45:38+00:00,100.16359559144685,51.0,206.0
2020-01-01 00:45:40+00:00,100.1701083086339,101.0,317.0
2020-01-01 00:45:42+00:00,100.1739122908974,349.0,366.0
2020-01-01 00:45:44+00:00,100.19518345029971,389.0,176.0
2020-01-01 00:45:46+00:00,100.198313299823,256.0,145.0
2020-01-01 00:45:48+00:00,100.20999611693891,104.0,370.0
2020-01-01 00:45:50+00:00,100.17978035977046,279.0,140.0
2020-01-01 00:45:52+00:00,100.18625724127442,361.0,290.0
2020-01-01 00:45:54+00:00,100.17723004137072,206.0,247.0
2020-01-01 00:45:56+00:00,100.15305488705812,394.0,249.0
2020-01-01 00:45:58+00:00,100.17581952172539,388.0,81.0
2020-01-01 00:46:00+00:00,100.17359344741045,54.0,80.0
2020-01-01 00:46:02+00:00,100.16236824708362,341.0,369.0
2020-01-01 00:46:04+00:00,100.15809397493472,103.0,138.0
2020-01-01 00:46:06+00:00,100.17474612485418,269.0,128.0
2020-01-01 00:46:08+00:00,100.18993779654791,92.0,365.0
2020-01-01 00:46:10+00:00,100.16674006080942,340.0,232.0
2020-01-01 00:46:12+00:00,100.18857917974819,121.0,241.0
2020-01-01 00:46:14+00:00,100.16389121524088,105.0,63.0
2020-01-01 00:46:16+00:00,100.18264451639598,130.0,309.0
2020-01-01 00:46:18+00:00,100.15487385140688,134.0,146.0
2020-01-01 00:46:20+00:00,100.16066892652042,180.0,375.0
2020-01-01 00:46:22+00:00,100.16938757714487,318.0,343.0
2020-01-01 00:46:24+00:00,100.19070944375943,75.0,192.0
2020-01-01 00:46:26+00:00,100.19564751512739,260.0,153.0
2020-01-01 00:46:28+00:00,100.1991338738265,226.0,247.0
2020-01-01 00:46:30+00:00,100.17332929097061,352.0,151.0
2020-01-01 00:46:32+00:00,100.21007895836902,259.0,278.0
2020-01-01 00:46:34+00:00,100.1789820663535,100.0,59.0
2020-01-01 00:46:36+00:00,100.21689065492171,288.0,86.0
2020-01-01 00:46:38+00:00,100.20623351737507,56.0,291.0
2020-01-01 00:46:40+00:00,100.18926594444139,296.0,374.0
2020-01-01 00:46:42+00:00,100.19306761267171,211.0,293.0
2020-01-01 00:46:44+00:00,100.20046734735291,223.0,341.0
2020-01-01 00:46:46+00:00,100.19974499961495,315.0,387.0
2020-01-01 00:46:48+00:00,100.19381012211538,335.0,269.0
2020-01-01 00:46:50+00:00,100.20528091677386,248.0,295.0
2020-01-01 00:46:52+00:00,100.19198095763558,70.0,206.0
2020-01-01 00:46:54+00:00,100.19106796278714,345.0,169.0
2020-01-01 00:46:56+00:00,100.21752866867385,350.0,229.0
2020-01-01 00:46:58+00:00,100.21720654049948,276.0,212.0
2020-01-01 00:47:00+00:00,100.20129342450139,236.0,228.0
2020-01-01 00:47:02+00:00,100.20780977869167,317.0,181.0
2020-01-01 00:47:04+00:00,100.20918945288705,299.0,233.0
2020-01-01 00:47:06+00:00,100.20770946865011,309.0,103.0
2020-01-01 00:47:08+00:00,100.19213993603103,124.0,221.0
2020-01-01 00:47:10+00:00,100.1802144161409,265.0,389.0
2020-01-01 00:47:12+00:00,100.19287883840344,348.0,140.0
2020-01-01 00:47:14+00:00,100.19537567548569,240.0,65.0
2020-01-01 00:47:16+00:00,100.20611365558234,344.0,361.0
2020-01-01 00:47:18+00:00,100.1942105425968,128.0,300.0
2020-01-01 00:47:20+00:00,100.2038463754894,51.0,223.0
2020-01-01 00:47:22+00:00,100.2002042475719,328.0,209.0
2020-01-01 00:47:24+00:00,100.21853998883127,217.0,172.0
2020-01-01 00:47:26+00:00,100.2124579441842,174.0,225.0
2020-01-01 00:47:28+00:00,100.19370189076733,247.0,130.0
2020-01-01 00:47:30+00:00,100.21904210762551,338.0,142.0
2020-01-01 00:47:32+00:00,100.2239658395137,355.0,187.0
2020-01-01 00:47:34+00:00,100.21841379375215,394.0,181.0
2020-01-01 00:47:36+00:00,100.2060001380618,196.0,53.0
2020-01-01 00:47:38+00:00,100.2090685541876,249.0,321.0
2020-01-01 00:47:40+00:00,100.20198432109271,57.0,290.0
2020-01-01 00:47:42+00:00,100.18760828896731,249.0,236.0
2020-01-01 00:47:44+00:00,100.18878360049833,308.0,96.0
2020-01-01 00:47:46+00:00,100.18088282350357,335.0,71.0
2020-01-01 00:47:48+00:00,100.19468075231957,315.0,312.0
2020-01-01 00:47:50+00:00,100.20622772808207,197.0,116.0
2020-01-01 00:47:52+00:00,100.20303154091052,64.0,122.0
2020-01-01 00:47:54+00:00,100.17632923912714,208.0,120.0
2020-01-01 00:47:56+00:00,100.20100382540929,162.0,165.0
2020-01-01 00:47:58+00:00,100.17914651633617,173.0,235.0
2020-01-01 00:48:00+00:00,100.18537288858602,205.0,260.0
2020-01-01 00:48:02+00:00,100.17272172775337,107.0,159.0
2020-01-01 00:48:04+00:00,100.15109409793556,60.0,287.0
2020-01-01 00:48:06+00:00,100.15810919990376,288.0,119.0
2020-01-01 00:48:08+00:00,100.17198133916476,380.0,71.0
2020-01-01 00:48:10+00:00,100.16962849525117,354.0,200.0
2020-01-01 00:48:12+00:00,100.16179554224668,128.0,86.0
2020-01-01 00:48:14+00:00,100.1607841661759,303.0,376.0
2020-01-01 00:48:16+00:00,100.15271731200755,379.0,372.0
2020-01-01 00:48:18+00:00,100.15858939264764,56.0,295.0
2020-01-01 00:48:20+00:00,100.16137939967115,239.0,229.0
2020-01-01 00:48:22+00:00,100.18684420732158,150.0,313.0
2020-01-01 00:48:24+00:00,100.15878985885638,101.0,162.0
2020-01-01 00:48:26+00:00,100.16180129136274,292.0,197.0
2020-01-01 00:48:28+00:00,100.14430962607246,268.0,358.0
2020-01-01 00:48:30+00:00,100.11873763935597,93.0,374.0
2020-01-01 00:48:32+00:00,100.11038309129287,152.0,61.0
2020-01-01 00:48:34+00:00,100.13375426836332,216.0,199.0
2020-01-01 00:48:36+00:00,100.12649282056603,373.0,187.0
2020-01-01 00:48:38+00:00,100.12661467187614,209.0,188.0
2020-01-01 00:48:40+00:00,100.11231698185416,202.0,244.0
2020-01-01 00:48:42+00:00,100.08131010136752,204.0,247.0
2020-01-01 00:48:44+00:00,100.09484488840688,376.0,396.0
2020-01-01 00:48:46+00:00,100.09611239789488,97.0,251.0
2020-01-01 00:48:48+00:00,100.1196296804261,386.0,375.0
2020-01-01 00:48:50+00:00,100.13736326616784,95.0,389.0
2020-01-01 00:48:52+00:00,100.11420960405177,252.0,107.0
2020-01-01 00:48:54+00:00,100.13241457436774,201.0,121.0
2020-01-01 00:48:56+00:00,100.13731428286938,70.0,159.0
2020-01-01 00:48:58+00:00,100.10797458464425,369.0,392.0
2020-01-01 00:49:00+00:00,100.10137015560318,343.0,135.0
2020-01-01 00:49:02+00:00,100.12515143712996,140.0,277.0
2020-01-01 00:49:04+00:00,100.08629113210233,147.0,127.0
2020-01-01 00:49:06+00:00,100.10854744072442,65.0,195.0
2020-01-01 00:49:08+00:00,100.08440383869431,385.0,353.0
2020-01-01 00:49:10+00:00,100.09531435691916,390.0,239.0
2020-01-01 00:49:12+00:00,100.09302248624772,230.0,164.0
2020-01-01 00:49:14+00:00,100.08238332801092,396.0,189.0
2020-01-01 00:49:16+00:00,100.10052833923464,313.0,119.0
2020-01-01 00:49:18+00:00,100.09594051269383,178.0,321.0
2020-01-01 00:49:20+00:00,100.07419351561435,135.0,332.0
2020-01-01 00:49:22+00:00,100.09656843753811,335.0,90.0
2020-01-01 00:49:24+00:00,100.10638292903045,368.0,305.0
2020-01-01 00:49:26+00:00,100.10636617460793,369.0,245.0
2020-01-01 00:49:28+00:00,100.10206384058515,310.0,254.0
2020-01-01 00:49:30+00:00,100.10284138845411,365.0,214.0
2020-01-01 00:49:32+00:00,100.09985684462704,304.0,142.0
2020-01-01 00:49:34+00:00,100.11644446198771,326.0,177.0
2020-01-01 00:49:36+00:00,100.12136888733953,241.0,254.0
2020-01-01 00:49:38+00:00,100.10930654295812,328.0,333.0
2020-01-01 00:49:40+00:00,100.09359436999247,205.0,151.0
2020-01-01 00:49:42+00:00,100.1053074983137,388.0,343.0
2020-01-01 00:49:44+00:00,100.10841260363473,158.0,137.0
2020-01-01 00:49:46+00:00,100.10810017561717,348.0,392.0
2020-01-01 00:49:48+00:00,100.08234794883481,327.0,298.0
2020-01-01 00:49:50+00:00,100.11075174023519,326.0,301.0
2020-01-01 00:49:52+00:00,100.10826869733924,184.0,250.0
2020-01-01 00:49:54+00:00,100.08824550535925,285.0,112.0
2020-01-01 00:49:56+00:00,100.10805633652669,139.0,321.0
2020-01-01 00:49:58+00:00,100.07900916406781,73.0,185.0
2020-01-01 00:50:00+00:00,100.09444614077292,252.0,212.0
2020-01-01 00:50:02+00:00,100.09837295021656,273.0,228.0
2020-01-01 00:50:04+00:00,100.09494053110997,121.0,287.0
2020-01-01 00:50:06+00:00,100.10222760903021,304.0,340.0
2020-01-01 00:50:08+00:00,100.09972202042934,311.0,253.0
2020-01-01 00:50:10+00:00,100.11619098599637,221.0,110.0
2020-01-01 00:50:12+00:00,100.09722799640595,186.0,91.0
2020-01-01 00:50:14+00:00,100.09635729555987,264.0,56.0
2020-01-01 00:50:16+00:00,100.1015764181323,252.0,77.0
2020-01-01 00:50:18+00:00,100.0868234855797,369.0,154.0
2020-01-01 00:50:20+00:00,100.06329747215766,154.0,291.0
2020-01-01 00:50:22+00:00,100.03455870092476,350.0,89.0
2020-01-01 00:50:24+00:00,100.08025964680468,113.0,182.0
2020-01-01 00:50:26+00:00,100.05572241348217,365.0,324.0
2020-01-01 00:50:28+00:00,100.1001101444299,107.0,70.0
2020-01-01 00:50:30+00:00,100.11198503697798,236.0,244.0
2020-01-01 00:50:32+00:00,100.0972320884054,261.0,309.0
2020-01-01 00:50:34+00:00,100.10140719316034,335.0,255.0
2020-01-01 00:50:36+00:00,100.11548647549625,211.0,214.0
2020-01-01 00:50:38+00:00,100.13716901464464,199.0,379.0
2020-01-01 00:50:40+00:00,100.11864743399393,309.0,296.0
2020-01-01 00:50:42+00:00,100.14220763552058,202.0,390.0
2020-01-01 00:50:44+00:00,100.13432540930755,261.0,101.0
2020-01-01 00:50:46+00:00,100.16208125786828,131.0,219.0
2020-01-01 00:50:48+00:00,100.1542065162911,310.0,343.0
2020-01-01 00:50:50+00:00,100.13631112215681,340.0,391.0
2020-01-01 00:50:52+00:00,100.14885596065248,216.0,353.0
2020-01-01 00:50:54+00:00,100.13113235841398,353.0,144.0
2020-01-01 00:50:56+00:00,100.17195319848625,359.0,179.0
2020-01-01 00:50:58+00:00,100.16060554034402,208.0,283.0
2020-01-01 00:51:00+00:00,100.12159428966068,278.0,133.0
2020-01-01 00:51:02+00:00,100.13836833548993,107.0,172.0
2020-01-01 00:51:04+00:00,100.12241823519861,330.0,105.0
2020-01-01 00:51:06+00:00,100.12523261497358,392.0,159.0
2020-01-01 00:51:08+00:00,100.1147751526759,333.0,195.0
2020-01-01 00:51:10+00:00,100.10065183107557,135.0,353.0
2020-01-01 00:51:12+00:00,100.09339920313715,325.0,259.0
2020-01-01 00:51:14+00:00,100.11678833088592,300.0,361.0
2020-01-01 00:51:16+00:00,100.10714211195473,157.0,297.0
2020-01-01 00:51:18+00:00,100.11025568787787,291.0,298.0
2020-01-01 00:51:20+00:00,100.09871754940461,247.0,312.0
2020-01-01 00:51:22+00:00,100.09416079654895,84.0,67.0
2020-01-01 00:51:24+00:00,100.1013936538237,342.0,275.0
2020-01-01 00:51:26+00:00,100.11230182268152,282.0,107.0
2020-01-01 00:51:28+00:00,100.11498736985396,361.0,221.0
2020-01-01 00:51:30+00:00,100.11979268260521,228.0,214.0
2020-01-01 00:51:32+00:00,100.11803708120564,184.0,118.0
2020-01-01 00:51:34+00:00,100.12657938505127,245.0,253.0
2020-01-01 00:51:36+00:00,100.10381536350961,362.0,144.0
2020-01-01 00:51:38+00:00,100.13174312379941,93.0,151.0
2020-01-01 00:51:40+00:00,100.11900514053183,258.0,359.0
2020-01-01 00:51:42+00:00,100.12072497099544,268.0,365.0
2020-01-01 00:51:44+00:00,100.11932869912769,228.0,342.0
2020-01-01 00:51:46+00:00,100.11255237679458,275.0,136.0
2020-01-01 00:51:48+00:00,100.12603688463436,205.0,52.0
2020-01-01 00:51:50+00:00,100.11131626898326,292.0,144.0
2020-01-01 00:51:52+00:00,100.0921822343354,111.0,120.0
2020-01-01 00:51:54+00:00,100.08861582616885,100.0,262.0
2020-01-01 00:51:56+00:00,100.09293676243063,163.0,137.0
2020-01-01 00:51:58+00:00,100.10987384416687,199.0,109.0
2020-01-01 00:52:00+00:00,100.12562529405241,293.0,174.0
2020-01-01 00:52:02+00:00,100.12157448308669,306.0,213.0
2020-01-01 00:52:04+00:00,100.14064088424263,361.0,196.0
2020-01-01 00:52:06+00:00,100.13381264953803,130.0,332.0
2020-01-01 00:52:08+00:00,100.12266936167077,197.0,388.0
2020-01-01 00:52:10+00:00,100.11779679861515,385.0,100.0
2020-01-01 00:52:12+00:00,100.12827350715297,365.0,221.0
2020-01-01 00:52:14+00:00,100.14269188305293,186.0,84.0
2020-01-01 00:52:16+00:00,100.14551040904556,247.0,197.0
2020-01-01 00:52:18+00:00,100.1355509190619,378.0,270.0
2020-01-01 00:52:20+00:00,100.13657799962219,105.0,84.0
2020-01-01 00:52:22+00:00,100.13844167318805,183.0,208.0
2020-01-01 00:52:24+00:00,100.1177364333468,155.0,118.0
2020-01-01 00:52:26+00:00,100.13634550952428,159.0,185.0
2020-01-01 00:52:28+00:00,100.12088558056584,172.0,174.0
2020-01-01 00:52:30+00:00,100.12512667801751,98.0,58.0
2020-01-01 00:52:32+00:00,100.15053037615421,288.0,261.0
2020-01-01 00:52:34+00:00,100.14665203532728,56.0,207.0
2020-01-01 00:52:36+00:00,100.14740795757552,210.0,362.0
2020-01-01 00:52:38+00:00,100.14654866869634,102.0,84.0
2020-01-01 00:52:40+00:00,100.17132598091699,158.0,195.0
2020-01-01 00:52:42+00:00,100.1471459238734,270.0,297.0
2020-01-01 00:52:44+00:00,100.14655301730221,243.0,270.0
2020-01-01 00:52:46+00:00,100.15198702137756,104.0,351.0
2020-01-01 00:52:48+00:00,100.162919587895,282.0,51.0
2020-01-01 00:52:50+00:00,100.17568526386766,82.0,82.0
2020-01-01 00:52:52+00:00,100.151341568486,69.0,219.0
2020-01-01 00:52:54+00:00,100.15181164557562,165.0,73.0
2020-01-01 00:52:56+00:00,100.16434747233367,177.0,267.0
2020-01-01 00:52:58+00:00,100.170625101725,229.0,319.0
2020-01-01 00:53:00+00:00,100.18196221507787,372.0,87.0
2020-01-01 00:53:02+00:00,100.1944856738887,294.0,257.0
2020-01-01 00:53:04+00:00,100.19543739415913,329.0,70.0
2020-01-01 00:53:06+00:00,100.19049420385849,201.0,65.0
2020-01-01 00:53:08+00:00,100.19155437437732,201.0,50.0
2020-01-01 00:53:10+00:00,100.1867822052362,256.0,379.0
2020-01-01 00:53:12+00:00,100.16818381262875,271.0,193.0
2020-01-01 00:53:14+00:00,100.18037054841862,255.0,123.0
2020-01-01 00:53:16+00:00,100.19694481838272,149.0,74.0
2020-01-01 00:53:18+00:00,100.18618293877617,312.0,185.0
2020-01-01 00:53:20+00:00,100.17739831642767,237.0,383.0
2020-01-01 00:53:22+00:00,100.17310990641379,61.0,319.0
2020-01-01 00:53:24+00:00,100.15685999477968,118.0,181.0
2020-01-01 00:53:26+00:00,100.15907638517925,119.0,286.0
2020-01-01 00:53:28+00:00,100.15735322639671,299.0,393.0
2020-01-01 00:53:30+00:00,100.15552925479466,75.0,226.0
2020-01-01 00:53:32+00:00,100.14409504177253,196.0,370.0
2020-01-01 00:53:34+00:00,100.14528422364722,216.0,310.0
2020-01-01 00:53:36+00:00,100.12974114471031,364.0,303.0
2020-01-01 00:53:38+00:00,100.14965515267498,308.0,129.0
2020-01-01 00:53:40+00:00,100.15351241680938,347.0,292.0
2020-01-01 00:53:42+00:00,100.1404779094967,329.0,256.0
2020-01-01 00:53:44+00:00,100.14972989601914,198.0,229.0
2020-01-01 00:53:46+00:00,100.13954091483896,128.0,350.0
2020-01-01 00:53:48+00:00,100.15565641736833,355.0,55.0
2020-01-01 00:53:50+00:00,100.14670580276253,139.0,54.0
2020-01-01 00:53:52+00:00,100.16787530333117,326.0,237.0
2020-01-01 00:53:54+00:00,100.1566099218059,250.0,226.0
2020-01-01 00:53:56+00:00,100.19095078080181,266.0,198.0
2020-01-01 00:53:58+00:00,100.18756909084168,309.0,50.0
2020-01-01 00:54:00+00:00,100.18329658784715,319.0,346.0
2020-01-01 00:54:02+00:00,100.1564574132128,64.0,330.0
2020-01-01 00:54:04+00:00,100.16160252761622,73.0,261.0
2020-01-01 00:54:06+00:00,100.1386496835772,376.0,64.0
2020-01-01 00:54:08+00:00,100.15804513195154,99.0,119.0
2020-01-01 00:54:10+00:00,100.12983240126245,166.0,282.0
2020-01-01 00:54:12+00:00,100.14683377819146,150.0,193.0
2020-01-01 00:54:14+00:00,100.1413219884932,200.0,313.0
2020-01-01 00:54:16+00:00,100.14495400529685,360.0,180.0
2020-01-01 00:54:18+00:00,100.14826032250629,159.0,239.0
2020-01-01 00:54:20+00:00,100.11969844835822,158.0,82.0
2020-01-01 00:54:22+00:00,100.12606396316929,186.0,136.0
2020-01-01 00:54:24+00:00,100.13200804895524,379.0,371.0
2020-01-01 00:54:26+00:00,100.1216129574532,129.0,230.0
2020-01-01 00:54:28+00:00,100.09387942549915,223.0,113.0
2020-01-01 00:54:30+00:00,100.10311665109327,299.0,395.0
2020-01-01 00:54:32+00:00,100.08203511867958,245.0,151.0
2020-01-01 00:54:34+00:00,100.10145190949608,314.0,166.0
2020-01-01 00:54:36+00:00,100.09148525197082,313.0,374.0
2020-01-01 00:54:38+00:00,100.06855277474656,255.0,185.0
2020-01-01 00:54:40+00:00,100.0817089523779,56.0,351.0
2020-01-01 00:54:42+00:00,100.06399633354833,80.0,126.0
2020-01-01 00:54:44+00:00,100.07183865807875,255.0,361.0
2020-01-01 00:54:46+00:00,100.06678057600043,140.0,220.0
2020-01-01 00:54:48+00:00,100.07183446467334,103.0,206.0
2020-01-01 00:54:50+00:00,100.05969158221195,285.0,202.0
2020-01-01 00:54:52+00:00,100.08435565908496,196.0,158.0
2020-01-01 00:54:54+00:00,100.09022814434913,309.0,336.0
2020-01-01 00:54:56+00:00,100.07868254948698,232.0,249.0
2020-01-01 00:54:58+00:00,100.0783284311202,74.0,177.0
2020-01-01 00:55:00+00:00,100.08444805986468,76.0,65.0
2020-01-01 00:55:02+00:00,100.09074271553024,395.0,327.0
2020-01-01 00:55:04+00:00,100.08386671520289,170.0,138.0
2020-01-01 00:55:06+00:00,100.05592567110955,248.0,340.0
2020-01-01 00:55:08+00:00,100.04988784608403,218.0,118.0
2020-01-01 00:55:10+00:00,100.05748430869245,51.0,321.0
2020-01-01 00:55:12+00:00,100.05776367346621,311.0,362.0
2020-01-01 00:55:14+00:00,100.02900502968775,52.0,83.0
2020-01-01 00:55:16+00:00,100.02548012221969,199.0,252.0
2020-01-01 00:55:18+00:00,100.02169871609549,137.0,359.0
2020-01-01 00:55:20+00:00,100.01612309682211,302.0,299.0
2020-01-01 00:55:22+00:00,100.04545881712689,83.0,386.0
2020-01-01 00:55:24+00:00,100.02501237749574,174.0,380.0
2020-01-01 00:55:26+00:00,100.02163045280142,255.0,58.0
2020-01-01 00:55:28+00:00,100.03960385096336,335.0,166.0
2020-01-01 00:55:30+00:00,100.03383676020341,338.0,193.0
2020-01-01 00:55:32+00:00,100.03509822701444,100.0,179.0
2020-01-01 00:55:34+00:00,100.01513512039878,266.0,209.0
2020-01-01 00:55:36+00:00,100.02324403961113,85.0,104.0
2020-01-01 00:55:38+00:00,99.99110365537956,353.0,349.0
2020-01-01 00:55:40+00:00,100.0166482389952,345.0,181.0
2020-01-01 00:55:42+00:00,100.01743919693972,81.0,266.0
2020-01-01 00:55:44+00:00,100.00685810242857,252.0,88.0
2020-01-01 00:55:46+00:00,100.02218574922,57.0,223.0
2020-01-01 00:55:48+00:00,99.9953144099578,107.0,133.0
2020-01-01 00:55:50+00:00,99.99246086078854,390.0,290.0
2020-01-01 00:55:52+00:00,100.01323002716815,179.0,293.0
2020-01-01 00:55:54+00:00,100.0091223471683,350.0,133.0
2020-01-01 00:55:56+00:00,100.01947919822763,106.0,306.0
2020-01-01 00:55:58+00:00,100.0088543074836,68.0,350.0
2020-01-01 00:56:00+00:00,100.00540783145095,163.0,148.0
2020-01-01 00:56:02+00:00,100.02365303274502,345.0,59.0
2020-01-01 00:56:04+00:00,100.01861748782352,228.0,218.0
2020-01-01 00:56:06+00:00,100.01637957753924,380.0,238.0
2020-01-01 00:56:08+00:00,100.0155062799394,197.0,396.0
2020-01-01 00:56:10+00:00,99.99383634981744,237.0,243.0
2020-01-01 00:56:12+00:00,99.99314871188413,301.0,311.0
2020-01-01 00:56:14+00:00,100.01019306191935,294.0,327.0
2020-01-01 00:56:16+00:00,100.00776814967053,76.0,365.0
2020-01-01 00:56:18+00:00,99.99084569102638,196.0,394.0
2020-01-01 00:56:20+00:00,99.99279234483323,101.0,374.0
2020-01-01 00:56:22+00:00,99.97472597711959,153.0,374.0
2020-01-01 00:56:24+00:00,99.99090436053919,351.0,97.0
2020-01-01 00:56:26+00:00,100.00326600257313,268.0,103.0
2020-01-01 00:56:28+00:00,100.00386718871026,242.0,123.0
2020-01-01 00:56:30+00:00,100.00040462608528,371.0,323.0
2020-01-01 00:56:32+00:00,100.01061975230257,277.0,92.0
2020-01-01 00:56:34+00:00,99.99254026536454,298.0,289.0
2020-01-01 00:56:36+00:00,99.99909815268653,347.0,369.0
2020-01-01 00:56:38+00:00,99.97861973148622,319.0,393.0
2020-01-01 00:56:40+00:00,99.9701677648711,111.0,220.0
2020-01-01 00:56:42+00:00,99.97472194607492,188.0,73.0
2020-01-01 00:56:44+00:00,99.9927135711848,140.0,327.0
2020-01-01 00:56:46+00:00,99.99329152501876,385.0,302.0
2020-01-01 00:56:48+00:00,99.99863635967067,83.0,265.0
2020-01-01 00:56:50+00:00,100.00093704167917,377.0,272.0
2020-01-01 00:56:52+00:00,99.99796020068275,194.0,332.0
2020-01-01 00:56:54+00:00,99.97594168303917,358.0,285.0
2020-01-01 00:56:56+00:00,99.99754344008207,295.0,219.0
2020-01-01 00:56:58+00:00,99.99306796952695,85.0,287.0
2020-01-01 00:57:00+00:00,99.98482527688988,251.0,341.0
2020-01-01 00:57:02+00:00,99.97138824827289,334.0,268.0
2020-01-01 00:57:04+00:00,99.97552231817403,358.0,181.0
2020-01-01 00:57:06+00:00,99.9979949235718,328.0,269.0
2020-01-01 00:57:08+00:00,100.0002497897855,65.0,139.0
2020-01-01 00:57:10+00:00,99.99315226227644,356.0,397.0
2020-01-01 00:57:12+00:00,100.00332411270301,208.0,302.0
2020-01-01 00:57:14+00:00,100.00671357768198,355.0,78.0
2020-01-01 00:57:16+00:00,100.02793529610176,58.0,165.0
2020-01-01 00:57:18+00:00,100.01260654833155,379.0,74.0
2020-01-01 00:57:20+00:00,100.03921651500121,202.0,71.0
2020-01-01 00:57:22+00:00,100.07002831850683,397.0,203.0
2020-01-01 00:57:24+00:00,100.04708748799473,168.0,269.0
2020-01-01 00:57:26+00:00,100.04117076276403,250.0,383.0
2020-01-01 00:57:28+00:00,100.02918501221144,55.0,169.0
2020-01-01 00:57:30+00:00,100.04223832705486,155.0,124.0
2020-01-01 00:57:32+00:00,100.05209472461738,177.0,234.0
2020-01-01 00:57:34+00:00,100.04335854283063,58.0,255.0
2020-01-01 00:57:36+00:00,100.04374541693105,65.0,100.0
2020-01-01 00:57:38+00:00,100.02492607478554,359.0,57.0
2020-01-01 00:57:40+00:00,100.0525856855124,143.0,201.0
2020-01-01 00:57:42+00:00,100.03650702543149,255.0,84.0
2020-01-01 00:57:44+00:00,100.05610794847446,337.0,255.0
2020-01-01 00:57:46+00:00,100.04209978357368,295.0,187.0
2020-01-01 00:57:48+00:00,100.04956288673003,367.0,346.0
2020-01-01 00:57:50+00:00,100.0708500812209,100.0,225.0
2020-01-01 00:57:52+00:00,100.04958628643429,369.0,223.0
2020-01-01 00:57:54+00:00,100.08089379410704,287.0,160.0
2020-01-01 00:57:56+00:00,100.09112921109826,118.0,334.0
2020-01-01 00:57:58+00:00,100.07983640146799,204.0,193.0
2020-01-01 00:58:00+00:00,100.09236274196763,241.0,272.0
2020-01-01 00:58:02+00:00,100.07140511045074,266.0,84.0
2020-01-01 00:58:04+00:00,100.09996095229822,392.0,69.0
2020-01-01 00:58:06+00:00,100.09640211222823,69.0,303.0
2020-01-01 00:58:08+00:00,100.08273824160719,107.0,69.0
2020-01-01 00:58:10+00:00,100.10518561051738,349.0,147.0
2020-01-01 00:58:12+00:00,100.12172503216242,380.0,89.0
2020-01-01 00:58:14+00:00,100.1259175648019,292.0,71.0
2020-01-01 00:58:16+00:00,100.1288682832292,256.0,367.0
2020-01-01 00:58:18+00:00,100.10140337364149,107.0,101.0
2020-01-01 00:58:20+00:00,100.11534533760289,118.0,183.0
2020-01-01 00:58:22+00:00,100.10536991907125,360.0,133.0
2020-01-01 00:58:24+00:00,100.10404776681575,191.0,124.0
2020-01-01 00:58:26+00:00,100.10770532532727,249.0,301.0
2020-01-01 00:58:28+00:00,100.09412187007685,184.0,137.0
2020-01-01 00:58:30+00:00,100.10140339944607,315.0,114.0
2020-01-01 00:58:32+00:00,100.08800586745198,336.0,123.0
2020-01-01 00:58:34+00:00,100.10817956671193,65.0,99.0
2020-01-01 00:58:36+00:00,100.08133147113169,228.0,96.0
2020-01-01 00:58:38+00:00,100.09283758664151,393.0,95.0
2020-01-01 00:58:40+00:00,100.10333981890214,54.0,73.0
2020-01-01 00:58:42+00:00,100.08975361151165,363.0,284.0
2020-01-01 00:58:44+00:00,100.12058128231227,209.0,361.0
2020-01-01 00:58:46+00:00,100.1211506883426,335.0,135.0
2020-01-01 00:58:48+00:00,100.1595474165494,116.0,213.0
2020-01-01 00:58:50+00:00,100.15510507630579,340.0,92.0
2020-01-01 00:58:52+00:00,100.15995115171401,53.0,371.0
2020-01-01 00:58:54+00:00,100.13014665507912,312.0,279.0
2020-01-01 00:58:56+00:00,100.14069637708933,121.0,129.0
2020-01-01 00:58:58+00:00,100.13881295217824,119.0,95.0
