ts,price,size
2020-01-01 00:00:01+00:00,99.98846574767289,8
2020-01-01 00:00:03+00:00,100.04350729267391,7
2020-01-01 00:00:05+00:00,100.06407737403651,2
2020-01-01 00:00:07+00:00,100.03425560363314,8
2020-01-01 00:00:09+00:00,100.02561556613524,7
2020-01-01 00:00:11+00:00,99.98239408949097,8
2020-01-01 00:00:13+00:00,99.97901532232648,5
2020-01-01 00:00:14+00:00,99.98530573148277,8
2020-01-01 00:00:16+00:00,99.92557218939577,8
2020-01-01 00:00:18+00:00,99.93772232047658,8
2020-01-01 00:00:20+00:00,99.91046110889118,7
2020-01-01 00:00:23+00:00,99.946473020954,4
2020-01-01 00:00:25+00:00,99.94194173038005,7
2020-01-01 00:00:26+00:00,99.99179241876415,1
2020-01-01 00:00:28+00:00,99.92528787082763,9
2020-01-01 00:00:31+00:00,99.92886364963803,3
2020-01-01 00:00:32+00:00,99.92962731988047,6
2020-01-01 00:00:35+00:00,99.96047626965404,6
2020-01-01 00:00:36+00:00,99.9298064279143,7
2020-01-01 00:00:38+00:00,99.95958094562563,3
2020-01-01 00:00:41+00:00,99.93452943794055,6
2020-01-01 00:00:42+00:00,99.96638335778205,9
2020-01-01 00:00:44+00:00,99.98161066173303,9
2020-01-01 00:00:46+00:00,99.99739383323262,3
2020-01-01 00:00:49+00:00,100.03196021785308,1
2020-01-01 00:00:50+00:00,100.05683487755711,7
2020-01-01 00:00:53+00:00,99.99986279374828,7
2020-01-01 00:00:54+00:00,100.04697621707138,2
2020-01-01 00:00:56+00:00,100.01353202919121,1
2020-01-01 00:00:59+00:00,100.03299639120861,5
2020-01-01 00:01:01+00:00,100.04055748639107,5
2020-01-01 00:01:03+00:00,100.03939270243022,8
2020-01-01 00:01:05+00:00,100.02949395775558,7
2020-01-01 00:01:07+00:00,100.04922529699357,9
2020-01-01 00:01:09+00:00,99.98824555258689,8
2020-01-01 00:01:11+00:00,100.00080791626881,1
2020-01-01 00:01:13+00:00,99.95990517928892,6
2020-01-01 00:01:15+00:00,99.98315522401353,8
2020-01-01 00:01:16+00:00,99.93696854049074,5
2020-01-01 00:01:19+00:00,99.95812557503528,9
2020-01-01 00:01:20+00:00,99.92664213350574,7
2020-01-01 00:01:22+00:00,99.98106240224018,1
2020-01-01 00:01:25+00:00,99.98470045542868,8
2020-01-01 00:01:26+00:00,99.96574589255779,8
2020-01-01 00:01:29+00:00,99.93385600775514,4
2020-01-01 00:01:31+00:00,99.93193673978007,1
2020-01-01 00:01:32+00:00,99.91516834871932,2
2020-01-01 00:01:34+00:00,99.88782828946826,7
2020-01-01 00:01:36+00:00,99.86211790220702,4
2020-01-01 00:01:38+00:00,99.85669386792861,9
2020-01-01 00:01:40+00:00,99.86059358575672,5
2020-01-01 00:01:43+00:00,99.91589356962618,1
2020-01-01 00:01:45+00:00,99.91320684568258,9
2020-01-01 00:01:46+00:00,99.85614960786326,7
2020-01-01 00:01:49+00:00,99.92511849713043,9
2020-01-01 00:01:51+00:00,99.93448781731074,1
2020-01-01 00:01:53+00:00,99.89593208225145,9
2020-01-01 00:01:55+00:00,99.87706555277042,6
2020-01-01 00:01:56+00:00,99.89249734052532,9
2020-01-01 00:01:59+00:00,99.87014047676699,4
2020-01-01 00:02:00+00:00,99.87729793735063,6
2020-01-01 00:02:02+00:00,99.9071484898732,6
2020-01-01 00:02:04+00:00,99.92247127036029,1
2020-01-01 00:02:06+00:00,99.95734257308536,7
2020-01-01 00:02:09+00:00,99.94924007420873,5
2020-01-01 00:02:10+00:00,99.9181226393011,2
2020-01-01 00:02:12+00:00,99.9262058643666,2
2020-01-01 00:02:14+00:00,99.94446371576416,3
2020-01-01 00:02:17+00:00,99.96168282514833,4
2020-01-01 00:02:19+00:00,99.98044876265651,2
2020-01-01 00:02:21+00:00,99.90348629498654,6
2020-01-01 00:02:22+00:00,99.87597865940573,4
2020-01-01 00:02:25+00:00,99.92865026304973,5
2020-01-01 00:02:26+00:00,99.91741115287182,1
2020-01-01 00:02:28+00:00,99.84296399193808,9
2020-01-01 00:02:30+00:00,99.88876864589872,1
2020-01-01 00:02:33+00:00,99.88753044265486,7
2020-01-01 00:02:35+00:00,99.87933305048512,7
2020-01-01 00:02:37+00:00,99.91792866645412,7
2020-01-01 00:02:38+00:00,99.88307180889224,7
2020-01-01 00:02:41+00:00,99.86675529702462,6
2020-01-01 00:02:42+00:00,99.86666532070141,1
2020-01-01 00:02:45+00:00,99.89273481156813,3
2020-01-01 00:02:47+00:00,99.84903388440945,6
2020-01-01 00:02:48+00:00,99.90268879771052,8
2020-01-01 00:02:51+00:00,99.87833808456183,7
2020-01-01 00:02:53+00:00,99.87229775977717,9
2020-01-01 00:02:55+00:00,99.86697637778141,4
2020-01-01 00:02:57+00:00,99.87581497019215,6
2020-01-01 00:02:59+00:00,99.94557679467916,3
2020-01-01 00:03:00+00:00,99.91311059473506,5
2020-01-01 00:03:03+00:00,99.96234202266272,3
2020-01-01 00:03:04+00:00,99.98022399747266,1
2020-01-01 00:03:06+00:00,99.92919544812813,6
2020-01-01 00:03:08+00:00,99.98523468541511,2
2020-01-01 00:03:11+00:00,99.99715390577013,2
2020-01-01 00:03:13+00:00,99.95796138621962,4
2020-01-01 00:03:15+00:00,99.9276874637269,5
2020-01-01 00:03:17+00:00,99.92718438015837,6
2020-01-01 00:03:19+00:00,99.92969561890236,4
2020-01-01 00:03:21+00:00,99.99256751359758,8
2020-01-01 00:03:22+00:00,99.98092968671607,5
2020-01-01 00:03:25+00:00,99.94306830804908,7
2020-01-01 00:03:27+00:00,99.98476496124213,7
2020-01-01 00:03:28+00:00,99.96051251196961,4
2020-01-01 00:03:30+00:00,99.9378905620248,3
2020-01-01 00:03:33+00:00,99.91154707779445,8
2020-01-01 00:03:34+00:00,99.87688000587849,3
2020-01-01 00:03:37+00:00,99.92628615906753,4
2020-01-01 00:03:38+00:00,99.84621181895778,5
2020-01-01 00:03:40+00:00,99.86773071287134,7
2020-01-01 00:03:42+00:00,99.8431722640633,3
2020-01-01 00:03:44+00:00,99.80327186971547,3
2020-01-01 00:03:47+00:00,99.8434870936567,7
2020-01-01 00:03:48+00:00,99.85830378207157,8
2020-01-01 00:03:50+00:00,99.84896989700246,2
2020-01-01 00:03:53+00:00,99.86951894991655,9
2020-01-01 00:03:55+00:00,99.84029592127997,9
2020-01-01 00:03:56+00:00,99.86890220939634,3
2020-01-01 00:03:59+00:00,99.84862728686244,9
2020-01-01 00:04:00+00:00,99.88911803020005,1
2020-01-01 00:04:03+00:00,99.91298320957344,2
2020-01-01 00:04:04+00:00,99.8475435610676,9
2020-01-01 00:04:07+00:00,99.89314002080025,5
2020-01-01 00:04:09+00:00,99.89220485000111,4
2020-01-01 00:04:11+00:00,99.93668927780158,4
2020-01-01 00:04:13+00:00,99.91647879022096,4
2020-01-01 00:04:14+00:00,99.93554453129501,4
2020-01-01 00:04:17+00:00,99.89401622107702,2
2020-01-01 00:04:18+00:00,99.95736161918576,2
2020-01-01 00:04:20+00:00,99.97986571642608,4
2020-01-01 00:04:22+00:00,99.93368472197868,5
2020-01-01 00:04:24+00:00,99.92397120478833,8
2020-01-01 00:04:26+00:00,99.85969188532648,8
2020-01-01 00:04:29+00:00,99.9137623683455,4
2020-01-01 00:04:30+00:00,99.9072760763644,3
2020-01-01 00:04:32+00:00,99.90790288743852,1
2020-01-01 00:04:35+00:00,99.91148327405149,8
2020-01-01 00:04:37+00:00,99.94988131175543,2
2020-01-01 00:04:38+00:00,99.95549020371985,7
2020-01-01 00:04:40+00:00,100.02545037373471,7
2020-01-01 00:04:43+00:00,100.02540441926838,6
2020-01-01 00:04:44+00:00,99.9928435678163,8
2020-01-01 00:04:46+00:00,100.02751649292752,8
2020-01-01 00:04:48+00:00,99.99340494647437,8
2020-01-01 00:04:51+00:00,100.00254231694305,6
2020-01-01 00:04:52+00:00,100.02594884494427,1
2020-01-01 00:04:55+00:00,100.01257730626428,8
2020-01-01 00:04:57+00:00,100.02851203291924,1
2020-01-01 00:04:58+00:00,99.99081105884768,9
2020-01-01 00:05:01+00:00,100.0112926516372,7
2020-01-01 00:05:03+00:00,100.03073444585453,8
2020-01-01 00:05:04+00:00,100.02621711748873,9
2020-01-01 00:05:07+00:00,99.9969353913376,6
2020-01-01 00:05:09+00:00,100.06827167539693,5
2020-01-01 00:05:11+00:00,100.02099176891407,3
2020-01-01 00:05:13+00:00,100.08441456907026,6
2020-01-01 00:05:15+00:00,100.0654560192912,6
2020-01-01 00:05:16+00:00,100.02590989905681,3
2020-01-01 00:05:18+00:00,100.03927354144436,7
2020-01-01 00:05:21+00:00,100.01628902991447,9
2020-01-01 00:05:22+00:00,100.05038345381219,7
2020-01-01 00:05:25+00:00,100.06757963247439,1
2020-01-01 00:05:27+00:00,100.04037797034196,4
2020-01-01 00:05:28+00:00,100.09109396079025,7
2020-01-01 00:05:31+00:00,100.03369668797147,7
2020-01-01 00:05:32+00:00,99.98650052986741,3
2020-01-01 00:05:34+00:00,99.99288996228532,3
2020-01-01 00:05:36+00:00,100.01225713246907,7
2020-01-01 00:05:39+00:00,100.07662746753874,2
2020-01-01 00:05:41+00:00,100.02710849576772,8
2020-01-01 00:05:43+00:00,100.05511923818915,9
2020-01-01 00:05:45+00:00,100.02124243322716,7
2020-01-01 00:05:47+00:00,100.05506994330638,9
2020-01-01 00:05:48+00:00,100.04164696609641,4
2020-01-01 00:05:50+00:00,100.06005315022361,4
2020-01-01 00:05:53+00:00,100.08579908714567,2
2020-01-01 00:05:54+00:00,100.07732372147396,5
2020-01-01 00:05:56+00:00,100.11138413084831,6
2020-01-01 00:05:58+00:00,100.10254105672901,1
2020-01-01 00:06:01+00:00,100.08939046307809,4
2020-01-01 00:06:02+00:00,100.16523269959673,9
2020-01-01 00:06:05+00:00,100.08391571625093,6
2020-01-01 00:06:07+00:00,100.10372891762559,4
2020-01-01 00:06:09+00:00,100.05927247684836,4
2020-01-01 00:06:10+00:00,100.04992775390697,6
2020-01-01 00:06:13+00:00,100.13595985697718,1
2020-01-01 00:06:15+00:00,100.1045597377723,2
2020-01-01 00:06:16+00:00,100.09514572146254,4
2020-01-01 00:06:18+00:00,100.06364822664433,2
2020-01-01 00:06:20+00:00,100.07519244915247,7
2020-01-01 00:06:23+00:00,100.14096112283637,6
2020-01-01 00:06:24+00:00,100.19643088311952,5
2020-01-01 00:06:26+00:00,100.17825792630063,7
2020-01-01 00:06:29+00:00,100.15920447423753,9
2020-01-01 00:06:30+00:00,100.2091076113438,9
2020-01-01 00:06:33+00:00,100.20745249930317,3
2020-01-01 00:06:34+00:00,100.15255944303534,7
2020-01-01 00:06:37+00:00,100.19635872507195,5
2020-01-01 00:06:38+00:00,100.17479120718455,6
2020-01-01 00:06:40+00:00,100.18220719430781,6
2020-01-01 00:06:43+00:00,100.1636970190016,6
2020-01-01 00:06:44+00:00,100.10538066886495,3
2020-01-01 00:06:47+00:00,100.10912141308539,3
2020-01-01 00:06:49+00:00,100.09264497723828,5
2020-01-01 00:06:50+00:00,100.14160168062676,4
2020-01-01 00:06:52+00:00,100.08436083954034,2
2020-01-01 00:06:55+00:00,100.1383295396721,6
2020-01-01 00:06:56+00:00,100.14521610314632,4
2020-01-01 00:06:59+00:00,100.11752534725969,2
2020-01-01 00:07:01+00:00,100.13429949467212,3
2020-01-01 00:07:02+00:00,100.1153444478892,3
2020-01-01 00:07:04+00:00,100.0923315100999,1
2020-01-01 00:07:07+00:00,100.05318579474971,2
2020-01-01 00:07:08+00:00,100.09089532157415,6
2020-01-01 00:07:11+00:00,100.08049152119997,1
2020-01-01 00:07:13+00:00,100.01265235547358,5
2020-01-01 00:07:14+00:00,100.01688816664605,5
2020-01-01 00:07:17+00:00,99.99578328096865,3
2020-01-01 00:07:19+00:00,100.00030388091173,4
2020-01-01 00:07:21+00:00,100.0305077987612,9
2020-01-01 00:07:23+00:00,100.07307531796096,6
2020-01-01 00:07:25+00:00,100.02600472595296,9
2020-01-01 00:07:27+00:00,100.07600144742044,4
2020-01-01 00:07:29+00:00,99.9848782729701,4
2020-01-01 00:07:30+00:00,99.99555198958592,1
2020-01-01 00:07:32+00:00,99.99947627425014,9
2020-01-01 00:07:35+00:00,99.9880797654217,8
2020-01-01 00:07:36+00:00,99.98181989117505,9
2020-01-01 00:07:38+00:00,99.92179350778687,1
2020-01-01 00:07:41+00:00,99.93654756176277,9
2020-01-01 00:07:43+00:00,99.96241676228806,1
2020-01-01 00:07:45+00:00,99.99359141519678,4
2020-01-01 00:07:47+00:00,99.99186860315773,1
2020-01-01 00:07:49+00:00,99.92522578680644,7
2020-01-01 00:07:50+00:00,99.94385912558901,8
2020-01-01 00:07:53+00:00,99.96161649316527,3
2020-01-01 00:07:54+00:00,99.87906788228385,4
2020-01-01 00:07:57+00:00,99.90368396418629,9
2020-01-01 00:07:59+00:00,99.84648872815286,9
2020-01-01 00:08:01+00:00,99.85899483148484,2
2020-01-01 00:08:02+00:00,99.9098872961312,3
2020-01-01 00:08:05+00:00,99.91684965267972,3
2020-01-01 00:08:07+00:00,99.94403832810337,4
2020-01-01 00:08:08+00:00,99.96616443275705,7
2020-01-01 00:08:11+00:00,99.94157730776064,7
2020-01-01 00:08:13+00:00,99.91248833237634,7
2020-01-01 00:08:15+00:00,99.91065325843604,9
2020-01-01 00:08:16+00:00,99.89245569823342,5
2020-01-01 00:08:19+00:00,99.9427230529086,9
2020-01-01 00:08:20+00:00,99.86778813727557,9
2020-01-01 00:08:22+00:00,99.90477607234462,4
2020-01-01 00:08:24+00:00,99.86874712588792,6
2020-01-01 00:08:26+00:00,99.8936311958144,7
2020-01-01 00:08:29+00:00,99.87012286994165,7
2020-01-01 00:08:30+00:00,99.88547124846177,1
2020-01-01 00:08:32+00:00,99.92703296767853,4
2020-01-01 00:08:34+00:00,99.88922236095087,6
2020-01-01 00:08:36+00:00,99.94554265853427,1
2020-01-01 00:08:38+00:00,99.90734939973161,6
2020-01-01 00:08:40+00:00,99.93424986488601,9
2020-01-01 00:08:43+00:00,99.97441110609822,3
2020-01-01 00:08:45+00:00,99.99657970050829,7
2020-01-01 00:08:47+00:00,100.02788988204952,6
2020-01-01 00:08:49+00:00,99.99667328802248,3
2020-01-01 00:08:50+00:00,99.99553145887653,3
2020-01-01 00:08:52+00:00,99.94387197757607,5
2020-01-01 00:08:54+00:00,99.96587091890896,7
2020-01-01 00:08:56+00:00,99.99016870254914,2
2020-01-01 00:08:59+00:00,99.93041702909598,1
2020-01-01 00:09:00+00:00,99.95658173292216,5
2020-01-01 00:09:02+00:00,99.94153398658284,5
2020-01-01 00:09:04+00:00,99.94736394467336,1
2020-01-01 00:09:07+00:00,99.88279716250946,9
2020-01-01 00:09:08+00:00,99.87170538056297,5
2020-01-01 00:09:11+00:00,99.84402975128725,6
2020-01-01 00:09:13+00:00,99.95184329011636,7
2020-01-01 00:09:15+00:00,99.87306882440934,9
2020-01-01 00:09:17+00:00,99.89210829775466,9
2020-01-01 00:09:19+00:00,99.88909602513044,9
2020-01-01 00:09:21+00:00,99.92229094094029,2
2020-01-01 00:09:23+00:00,99.90732157684145,7
2020-01-01 00:09:25+00:00,99.94130726108743,7
2020-01-01 00:09:27+00:00,99.89208873964641,8
2020-01-01 00:09:29+00:00,99.9250641943877,7
2020-01-01 00:09:30+00:00,99.89123242853283,7
2020-01-01 00:09:33+00:00,99.87324644829025,8
2020-01-01 00:09:35+00:00,99.96539750006534,5
2020-01-01 00:09:36+00:00,99.95154387005809,8
2020-01-01 00:09:38+00:00,99.98704143293106,8
2020-01-01 00:09:41+00:00,99.94743050617328,5
2020-01-01 00:09:43+00:00,99.95889625570365,8
2020-01-01 00:09:44+00:00,100.04556981137031,3
2020-01-01 00:09:46+00:00,100.01645788612343,8
2020-01-01 00:09:48+00:00,100.00884796952819,2
2020-01-01 00:09:50+00:00,99.99477965146103,1
2020-01-01 00:09:52+00:00,99.98928984159556,7
2020-01-01 00:09:55+00:00,100.04861634348602,1
2020-01-01 00:09:57+00:00,99.98427189838951,5
2020-01-01 00:09:59+00:00,99.99422448673727,5
2020-01-01 00:10:01+00:00,99.97245835053589,5
2020-01-01 00:10:02+00:00,99.91608335511798,7
2020-01-01 00:10:05+00:00,99.97516552970795,5
2020-01-01 00:10:07+00:00,100.0169803773934,4
2020-01-01 00:10:09+00:00,99.99242273901838,7
2020-01-01 00:10:11+00:00,100.06366970967171,4
2020-01-01 00:10:12+00:00,100.04475722764052,4
2020-01-01 00:10:15+00:00,99.99069670010786,1
2020-01-01 00:10:16+00:00,100.01492289866299,5
2020-01-01 00:10:19+00:00,99.97405384570595,6
2020-01-01 00:10:21+00:00,100.02891013411988,3
2020-01-01 00:10:23+00:00,100.02538893936854,9
2020-01-01 00:10:24+00:00,100.01008052121068,9
2020-01-01 00:10:26+00:00,99.97666124722112,6
2020-01-01 00:10:29+00:00,99.95122827920832,8
2020-01-01 00:10:30+00:00,99.93768909962,3
2020-01-01 00:10:33+00:00,99.97371303460802,4
2020-01-01 00:10:34+00:00,99.9679605554165,6
2020-01-01 00:10:36+00:00,100.00108630169909,2
2020-01-01 00:10:38+00:00,99.95695270869919,4
2020-01-01 00:10:40+00:00,99.95616325264349,3
2020-01-01 00:10:42+00:00,99.95451014096244,4
2020-01-01 00:10:44+00:00,99.92084616144152,6
2020-01-01 00:10:47+00:00,99.99286091386148,1
2020-01-01 00:10:49+00:00,100.00209003489421,5
2020-01-01 00:10:51+00:00,100.02846631264812,7
2020-01-01 00:10:53+00:00,99.9945605123547,2
2020-01-01 00:10:54+00:00,99.99037658344054,1
2020-01-01 00:10:57+00:00,99.97284204943757,2
2020-01-01 00:10:59+00:00,99.99227802793209,8
2020-01-01 00:11:01+00:00,99.90856538499095,6
2020-01-01 00:11:02+00:00,99.962903932026,1
2020-01-01 00:11:04+00:00,99.97763480096089,4
2020-01-01 00:11:07+00:00,99.99819528024116,8
2020-01-01 00:11:08+00:00,99.97120850032621,8
2020-01-01 00:11:11+00:00,99.94537374649656,4
2020-01-01 00:11:12+00:00,99.96095246508393,6
2020-01-01 00:11:14+00:00,99.95590676623436,4
2020-01-01 00:11:16+00:00,99.97464337969649,6
2020-01-01 00:11:19+00:00,99.99384293550067,5
2020-01-01 00:11:21+00:00,100.01696517732879,8
2020-01-01 00:11:22+00:00,100.02001047107899,2
2020-01-01 00:11:24+00:00,99.96655304743331,2
2020-01-01 00:11:27+00:00,99.94736381633355,2
2020-01-01 00:11:28+00:00,99.94336614534505,4
2020-01-01 00:11:31+00:00,99.91770591438785,7
2020-01-01 00:11:32+00:00,99.98371561316164,4
2020-01-01 00:11:34+00:00,99.9554173308132,9
2020-01-01 00:11:37+00:00,99.93004019368452,3
2020-01-01 00:11:38+00:00,99.85119153331503,2
2020-01-01 00:11:41+00:00,99.91990027216184,3
2020-01-01 00:11:42+00:00,99.88238303893024,3
2020-01-01 00:11:44+00:00,99.82981090394956,1
2020-01-01 00:11:47+00:00,99.83993547235913,9
2020-01-01 00:11:49+00:00,99.88958378424928,4
2020-01-01 00:11:51+00:00,99.83966339513465,7
2020-01-01 00:11:53+00:00,99.85613069499483,1
2020-01-01 00:11:55+00:00,99.8782375084943,9
2020-01-01 00:11:57+00:00,99.87040321113626,4
2020-01-01 00:11:58+00:00,99.8164215284957,4
2020-01-01 00:12:01+00:00,99.79880410889226,4
2020-01-01 00:12:03+00:00,99.83019422495461,7
2020-01-01 00:12:05+00:00,99.82623344204217,1
2020-01-01 00:12:07+00:00,99.8803955979551,7
2020-01-01 00:12:09+00:00,99.885329276811,8
2020-01-01 00:12:11+00:00,99.88706803547228,7
2020-01-01 00:12:13+00:00,99.87894884099009,4
2020-01-01 00:12:15+00:00,99.88893159513187,5
2020-01-01 00:12:17+00:00,99.90752593180719,3
2020-01-01 00:12:19+00:00,99.85829836112738,3
2020-01-01 00:12:20+00:00,99.84797135044991,9
2020-01-01 00:12:22+00:00,99.8260529608053,4
2020-01-01 00:12:24+00:00,99.8816601742595,9
2020-01-01 00:12:26+00:00,99.91047873194195,2
2020-01-01 00:12:28+00:00,99.84476638493818,3
2020-01-01 00:12:30+00:00,99.90005255434417,1
2020-01-01 00:12:32+00:00,99.94648870882399,8
2020-01-01 00:12:34+00:00,99.97415020984143,4
2020-01-01 00:12:37+00:00,99.89241404719233,3
2020-01-01 00:12:38+00:00,99.96890692326502,8
2020-01-01 00:12:41+00:00,99.96593041114869,5
2020-01-01 00:12:42+00:00,100.02611490774045,3
2020-01-01 00:12:45+00:00,99.97927593594851,4
2020-01-01 00:12:47+00:00,99.94586519148544,6
2020-01-01 00:12:48+00:00,99.90975221019663,6
2020-01-01 00:12:50+00:00,99.93480449649374,8
2020-01-01 00:12:52+00:00,99.94770656212798,4
2020-01-01 00:12:55+00:00,99.9693144686307,1
2020-01-01 00:12:56+00:00,99.94353772170341,8
2020-01-01 00:12:58+00:00,99.9217576438822,4
2020-01-01 00:13:00+00:00,99.87501440861145,9
2020-01-01 00:13:03+00:00,99.89417166646062,4
2020-01-01 00:13:04+00:00,99.90062980242469,6
2020-01-01 00:13:06+00:00,99.87580422080148,7
2020-01-01 00:13:08+00:00,99.95370735387174,1
2020-01-01 00:13:10+00:00,100.01439923359024,9
2020-01-01 00:13:13+00:00,99.98988719477548,9
2020-01-01 00:13:15+00:00,99.9796032530752,1
2020-01-01 00:13:17+00:00,99.83928773028872,5
2020-01-01 00:13:19+00:00,99.85643961448007,5
2020-01-01 00:13:21+00:00,99.84093541368877,4
2020-01-01 00:13:23+00:00,99.86620663281384,1
2020-01-01 00:13:24+00:00,99.85485389217992,4
2020-01-01 00:13:27+00:00,99.88977419025738,3
2020-01-01 00:13:28+00:00,99.94715180409982,5
2020-01-01 00:13:31+00:00,99.9487428125216,4
2020-01-01 00:13:32+00:00,99.92595062638414,2
2020-01-01 00:13:34+00:00,99.90044161521784,3
2020-01-01 00:13:37+00:00,99.90504664663875,7
2020-01-01 00:13:39+00:00,99.9107757423098,4
2020-01-01 00:13:40+00:00,99.91186933990473,7
2020-01-01 00:13:42+00:00,99.942178660147,4
2020-01-01 00:13:44+00:00,99.99194489236712,9
2020-01-01 00:13:47+00:00,99.98809719691921,5
2020-01-01 00:13:48+00:00,99.93080158651661,2
2020-01-01 00:13:51+00:00,99.92682519845145,3
2020-01-01 00:13:53+00:00,99.97476817634279,1
2020-01-01 00:13:55+00:00,99.97593904267096,4
2020-01-01 00:13:56+00:00,99.94269791544528,5
2020-01-01 00:13:58+00:00,99.92484094533752,2
2020-01-01 00:14:01+00:00,99.98325539492195,3
2020-01-01 00:14:02+00:00,99.98443616195287,4
2020-01-01 00:14:05+00:00,99.93845567956737,4
2020-01-01 00:14:06+00:00,99.97811644398892,7
2020-01-01 00:14:08+00:00,99.93210359649072,3
2020-01-01 00:14:10+00:00,100.00920735285061,1
2020-01-01 00:14:12+00:00,99.9363084547674,9
2020-01-01 00:14:15+00:00,99.9495300565264,9
2020-01-01 00:14:16+00:00,99.90683245647061,2
2020-01-01 00:14:19+00:00,99.90239085500141,2
2020-01-01 00:14:20+00:00,99.97634425803763,1
2020-01-01 00:14:22+00:00,99.94307842368598,8
2020-01-01 00:14:25+00:00,99.92615711144738,4
2020-01-01 00:14:27+00:00,99.92990541577556,3
2020-01-01 00:14:28+00:00,99.9074038585518,3
2020-01-01 00:14:31+00:00,99.86404336483902,1
2020-01-01 00:14:32+00:00,99.90387505587748,6
2020-01-01 00:14:34+00:00,99.8948155363059,8
2020-01-01 00:14:37+00:00,99.88215439996587,7
2020-01-01 00:14:39+00:00,99.876705133433,6
2020-01-01 00:14:41+00:00,99.8438952463917,5
2020-01-01 00:14:43+00:00,99.88222142719998,3
2020-01-01 00:14:44+00:00,99.88339259360863,7
2020-01-01 00:14:46+00:00,99.84734844360507,4
2020-01-01 00:14:49+00:00,99.82676536050272,5
2020-01-01 00:14:51+00:00,99.86276314053933,8
2020-01-01 00:14:52+00:00,99.88350608933129,8
2020-01-01 00:14:55+00:00,99.83932670220297,7
2020-01-01 00:14:56+00:00,99.88241178363323,7
2020-01-01 00:14:59+00:00,99.81317418748168,3
2020-01-01 00:15:01+00:00,99.81865357280934,4
2020-01-01 00:15:02+00:00,99.86380207788754,3
2020-01-01 00:15:04+00:00,99.8455452450712,8
2020-01-01 00:15:07+00:00,99.8400967049969,6
2020-01-01 00:15:08+00:00,99.84783192825843,5
2020-01-01 00:15:11+00:00,99.90622218594713,2
2020-01-01 00:15:13+00:00,99.8490992279853,1
2020-01-01 00:15:15+00:00,99.89992296881125,3
2020-01-01 00:15:17+00:00,99.9062977127736,3
2020-01-01 00:15:19+00:00,99.8628711510613,8
2020-01-01 00:15:20+00:00,99.86859570710403,8
2020-01-01 00:15:22+00:00,99.81390568782321,7
2020-01-01 00:15:24+00:00,99.83348213016446,9
2020-01-01 00:15:27+00:00,99.87940762057896,1
2020-01-01 00:15:28+00:00,99.81930583419317,9
2020-01-01 00:15:31+00:00,99.84442097929258,5
2020-01-01 00:15:32+00:00,99.85281203410923,3
2020-01-01 00:15:35+00:00,99.80999256033945,4
2020-01-01 00:15:36+00:00,99.80133447522137,2
2020-01-01 00:15:38+00:00,99.82431052898953,7
2020-01-01 00:15:40+00:00,99.767792503966,5
2020-01-01 00:15:42+00:00,99.76807352508895,4
2020-01-01 00:15:44+00:00,99.86898158727394,9
2020-01-01 00:15:47+00:00,99.83572209198391,3
2020-01-01 00:15:49+00:00,99.87324488769406,9
2020-01-01 00:15:50+00:00,99.91253120168652,8
2020-01-01 00:15:52+00:00,99.88612815491871,7
2020-01-01 00:15:55+00:00,99.92887312510994,2
2020-01-01 00:15:57+00:00,99.98026976221558,8
2020-01-01 00:15:59+00:00,99.94772127087052,6
2020-01-01 00:16:01+00:00,99.98467866984629,3
2020-01-01 00:16:02+00:00,99.94159659932396,3
2020-01-01 00:16:04+00:00,99.9535746372769,9
2020-01-01 00:16:06+00:00,99.94873969116891,6
2020-01-01 00:16:09+00:00,99.94672431286457,5
2020-01-01 00:16:10+00:00,99.90353083749757,2
2020-01-01 00:16:13+00:00,99.87625118704418,4
2020-01-01 00:16:15+00:00,99.84264133139442,8
2020-01-01 00:16:17+00:00,99.88283067053489,1
2020-01-01 00:16:18+00:00,99.83985127119745,4
2020-01-01 00:16:21+00:00,99.80680278205791,8
2020-01-01 00:16:22+00:00,99.8342066959921,7
2020-01-01 00:16:25+00:00,99.88230742420625,7
2020-01-01 00:16:26+00:00,99.83138128544174,7
2020-01-01 00:16:28+00:00,99.91332639109415,4
2020-01-01 00:16:31+00:00,99.91317510725476,5
2020-01-01 00:16:33+00:00,99.92834499563247,8
2020-01-01 00:16:35+00:00,99.9170879156842,5
2020-01-01 00:16:37+00:00,99.96177704915675,4
2020-01-01 00:16:38+00:00,99.92222083830522,2
2020-01-01 00:16:40+00:00,99.98005585119071,5
2020-01-01 00:16:42+00:00,99.93720214907938,5
2020-01-01 00:16:45+00:00,99.96588325524809,9
2020-01-01 00:16:47+00:00,99.95009852163761,5
2020-01-01 00:16:48+00:00,99.8989625806153,8
2020-01-01 00:16:50+00:00,99.92216451447325,9
2020-01-01 00:16:53+00:00,99.89518814811223,1
2020-01-01 00:16:54+00:00,99.87269728228523,4
2020-01-01 00:16:56+00:00,99.88446236430718,9
2020-01-01 00:16:58+00:00,99.89468188148628,2
2020-01-01 00:17:01+00:00,99.85745827250535,8
2020-01-01 00:17:02+00:00,99.85634311596613,4
2020-01-01 00:17:05+00:00,99.79845064402042,9
2020-01-01 00:17:06+00:00,99.78389475176579,8
2020-01-01 00:17:08+00:00,99.79097053787059,5
2020-01-01 00:17:11+00:00,99.82817372352612,1
2020-01-01 00:17:13+00:00,99.84180755245882,8
2020-01-01 00:17:15+00:00,99.83090373436916,1
2020-01-01 00:17:17+00:00,99.83696871317565,3
2020-01-01 00:17:18+00:00,99.84232584360139,9
2020-01-01 00:17:20+00:00,99.79857769523,4
2020-01-01 00:17:22+00:00,99.79900169025143,5
2020-01-01 00:17:24+00:00,99.82922499108506,3
2020-01-01 00:17:27+00:00,99.8694307311206,7
2020-01-01 00:17:29+00:00,99.87350316368699,4
2020-01-01 00:17:30+00:00,99.88729575096946,5
2020-01-01 00:17:33+00:00,99.89280089962332,7
2020-01-01 00:17:34+00:00,99.91702282253969,2
2020-01-01 00:17:37+00:00,99.92502443859698,1
2020-01-01 00:17:38+00:00,99.93070702637782,7
2020-01-01 00:17:41+00:00,99.96684637895585,6
2020-01-01 00:17:42+00:00,99.96006104902284,3
2020-01-01 00:17:45+00:00,99.9511432337264,7
2020-01-01 00:17:47+00:00,99.97414343352078,5
2020-01-01 00:17:49+00:00,99.90623003804927,7
2020-01-01 00:17:50+00:00,99.91109893742583,2
2020-01-01 00:17:53+00:00,99.95969587040736,1
2020-01-01 00:17:54+00:00,99.94200794386505,9
2020-01-01 00:17:57+00:00,99.8868938033686,8
2020-01-01 00:17:59+00:00,99.88667863659347,4
2020-01-01 00:18:00+00:00,99.9283083397296,5
2020-01-01 00:18:03+00:00,99.92545238778204,7
2020-01-01 00:18:05+00:00,99.89957598776867,1
2020-01-01 00:18:06+00:00,99.94966192628479,2
2020-01-01 00:18:08+00:00,99.91157446167608,2
2020-01-01 00:18:10+00:00,99.97843836792732,6
2020-01-01 00:18:12+00:00,99.93292265387899,9
2020-01-01 00:18:15+00:00,99.878369197608,3
2020-01-01 00:18:17+00:00,99.92383388339856,2
2020-01-01 00:18:18+00:00,99.91080724017698,2
2020-01-01 00:18:20+00:00,99.87512456246745,2
2020-01-01 00:18:23+00:00,99.8775289284153,3
2020-01-01 00:18:24+00:00,99.87399429094017,5
2020-01-01 00:18:26+00:00,99.86803140248571,1
2020-01-01 00:18:29+00:00,99.82198606908022,3
2020-01-01 00:18:31+00:00,99.84093484829847,6
2020-01-01 00:18:32+00:00,99.83087457089972,7
2020-01-01 00:18:35+00:00,99.88550198057933,5
2020-01-01 00:18:37+00:00,99.88432145735557,4
2020-01-01 00:18:39+00:00,99.92398774638544,8
2020-01-01 00:18:41+00:00,99.91323937768937,1
2020-01-01 00:18:43+00:00,99.98607170718272,1
2020-01-01 00:18:44+00:00,99.94839917911149,6
2020-01-01 00:18:46+00:00,99.98146116170079,4
2020-01-01 00:18:49+00:00,99.92409749871243,2
2020-01-01 00:18:50+00:00,99.89021705120051,9
2020-01-01 00:18:52+00:00,99.96290981557217,5
2020-01-01 00:18:55+00:00,99.957712658782,4
2020-01-01 00:18:57+00:00,99.93680337304467,4
2020-01-01 00:18:59+00:00,99.91054041612112,1
2020-01-01 00:19:01+00:00,99.87953364109426,8
2020-01-01 00:19:02+00:00,99.83829631137613,8
2020-01-01 00:19:04+00:00,99.87366814815915,1
2020-01-01 00:19:06+00:00,99.89117287494095,1
2020-01-01 00:19:09+00:00,99.87250879285682,9
2020-01-01 00:19:11+00:00,99.85814762929327,7
2020-01-01 00:19:12+00:00,99.84600335787492,6
2020-01-01 00:19:15+00:00,99.85284266351825,5
2020-01-01 00:19:17+00:00,99.90252419835049,7
2020-01-01 00:19:19+00:00,99.8508895026793,8
2020-01-01 00:19:21+00:00,99.90611979577356,1
2020-01-01 00:19:22+00:00,99.86847076775373,5
2020-01-01 00:19:25+00:00,99.84430528232896,9
2020-01-01 00:19:26+00:00,99.86681063078758,7
2020-01-01 00:19:28+00:00,99.8621902164535,4
2020-01-01 00:19:31+00:00,99.83687786991646,3
2020-01-01 00:19:32+00:00,99.81864799791614,4
2020-01-01 00:19:35+00:00,99.8254319945632,9
2020-01-01 00:19:36+00:00,99.84110488135573,5
2020-01-01 00:19:39+00:00,99.87204247140647,2
2020-01-01 00:19:40+00:00,99.8210050009873,5
2020-01-01 00:19:43+00:00,99.8692800465901,8
2020-01-01 00:19:45+00:00,99.85060893937793,9
2020-01-01 00:19:47+00:00,99.87267581631131,7
2020-01-01 00:19:49+00:00,99.89450806883484,7
2020-01-01 00:19:51+00:00,99.92047985682892,5
2020-01-01 00:19:52+00:00,99.88148871877755,5
2020-01-01 00:19:55+00:00,99.89067334175157,4
2020-01-01 00:19:57+00:00,99.83366145770749,2
2020-01-01 00:19:58+00:00,99.86321856112048,1
2020-01-01 00:20:00+00:00,99.82680632183981,3
2020-01-01 00:20:03+00:00,99.85731897019545,8
2020-01-01 00:20:04+00:00,99.9307863503609,3
2020-01-01 00:20:06+00:00,99.8879823908222,3
2020-01-01 00:20:09+00:00,99.898637874124,4
2020-01-01 00:20:11+00:00,99.90988085742883,8
2020-01-01 00:20:13+00:00,99.9154864292728,2
2020-01-01 00:20:15+00:00,99.94216621081277,8
2020-01-01 00:20:16+00:00,99.93987805562908,5
2020-01-01 00:20:19+00:00,99.9988045561957,2
2020-01-01 00:20:20+00:00,100.03247305522973,8
2020-01-01 00:20:22+00:00,99.97787960592896,3
2020-01-01 00:20:24+00:00,100.03674839952852,7
2020-01-01 00:20:26+00:00,99.98670598440324,7
2020-01-01 00:20:28+00:00,99.98877866449331,9
2020-01-01 00:20:30+00:00,99.92929964399123,7
2020-01-01 00:20:32+00:00,99.97400745215687,4
2020-01-01 00:20:34+00:00,99.9383439708445,1
2020-01-01 00:20:36+00:00,99.9818908765404,6
2020-01-01 00:20:39+00:00,99.98507650723855,8
2020-01-01 00:20:40+00:00,100.0188078990233,5
2020-01-01 00:20:43+00:00,100.08095474400244,8
2020-01-01 00:20:44+00:00,100.10156970761352,4
2020-01-01 00:20:46+00:00,100.03035935008661,6
2020-01-01 00:20:49+00:00,100.02748808759105,5
2020-01-01 00:20:51+00:00,100.04220258952503,9
2020-01-01 00:20:52+00:00,100.06069399438367,9
2020-01-01 00:20:55+00:00,100.06605455321184,9
2020-01-01 00:20:57+00:00,100.03084014483247,9
2020-01-01 00:20:58+00:00,100.06983956198087,2
2020-01-01 00:21:00+00:00,100.01785345119285,3
2020-01-01 00:21:03+00:00,100.07915872711214,9
2020-01-01 00:21:04+00:00,100.04570836020721,6
2020-01-01 00:21:07+00:00,99.96050134774462,8
2020-01-01 00:21:08+00:00,100.03201793390356,4
2020-01-01 00:21:10+00:00,99.98753018515454,6
2020-01-01 00:21:13+00:00,99.99717950714775,1
2020-01-01 00:21:14+00:00,100.01534393527491,1
2020-01-01 00:21:16+00:00,100.0154886156025,2
2020-01-01 00:21:19+00:00,100.0341299859098,9
2020-01-01 00:21:21+00:00,99.98019046682404,4
2020-01-01 00:21:23+00:00,100.00905982990892,7
2020-01-01 00:21:24+00:00,99.96415284977522,7
2020-01-01 00:21:26+00:00,100.01743626191228,4
2020-01-01 00:21:28+00:00,99.98072711488453,7
2020-01-01 00:21:31+00:00,99.97918108386307,3
2020-01-01 00:21:33+00:00,99.97607177155538,2
2020-01-01 00:21:35+00:00,99.99154667603784,9
2020-01-01 00:21:36+00:00,100.00706032803672,7
2020-01-01 00:21:39+00:00,99.9878199957389,3
2020-01-01 00:21:40+00:00,99.98352720105764,1
2020-01-01 00:21:42+00:00,100.0368947108486,8
2020-01-01 00:21:44+00:00,100.06780555554984,6
2020-01-01 00:21:46+00:00,99.9946390395387,4
2020-01-01 00:21:49+00:00,99.97827062623031,9
2020-01-01 00:21:51+00:00,99.97646441631869,7
2020-01-01 00:21:52+00:00,99.96898063286832,6
2020-01-01 00:21:54+00:00,100.04294881837895,8
2020-01-01 00:21:56+00:00,99.97564207860158,6
2020-01-01 00:21:58+00:00,99.96212024018048,1
2020-01-01 00:22:01+00:00,99.97332442568093,5
2020-01-01 00:22:03+00:00,99.98863454524141,3
2020-01-01 00:22:05+00:00,99.94036490277173,9
2020-01-01 00:22:06+00:00,99.97963606097615,2
2020-01-01 00:22:09+00:00,99.9341543789637,9
2020-01-01 00:22:11+00:00,100.02192788658333,4
2020-01-01 00:22:13+00:00,99.95871827146432,7
2020-01-01 00:22:14+00:00,99.9211861791508,2
2020-01-01 00:22:16+00:00,99.97125292452152,2
2020-01-01 00:22:19+00:00,99.93563402710045,9
2020-01-01 00:22:21+00:00,99.9805207064005,5
2020-01-01 00:22:22+00:00,99.97109588238618,8
2020-01-01 00:22:25+00:00,100.03123187613998,9
2020-01-01 00:22:27+00:00,99.99466440655775,6
2020-01-01 00:22:28+00:00,99.977810792072,6
2020-01-01 00:22:30+00:00,99.97895144217205,2
2020-01-01 00:22:32+00:00,99.96958940497103,8
2020-01-01 00:22:34+00:00,100.01019060631658,2
2020-01-01 00:22:36+00:00,100.06455403463445,9
2020-01-01 00:22:38+00:00,100.02640580832896,6
2020-01-01 00:22:40+00:00,100.07049839946009,5
2020-01-01 00:22:42+00:00,100.10160921531252,9
2020-01-01 00:22:44+00:00,100.131584131059,8
2020-01-01 00:22:46+00:00,100.10968796654434,9
2020-01-01 00:22:48+00:00,100.04172624113805,5
2020-01-01 00:22:51+00:00,100.1206459441777,9
2020-01-01 00:22:52+00:00,100.13760622080531,5
2020-01-01 00:22:54+00:00,100.10257250227592,3
2020-01-01 00:22:57+00:00,100.15614386656333,7
2020-01-01 00:22:58+00:00,100.11656852566243,7
2020-01-01 00:23:01+00:00,100.11238949113186,1
2020-01-01 00:23:03+00:00,100.18185003202353,5
2020-01-01 00:23:04+00:00,100.18156266798046,3
2020-01-01 00:23:07+00:00,100.19840376312145,5
2020-01-01 00:23:08+00:00,100.20627054858411,2
2020-01-01 00:23:11+00:00,100.22000230064732,7
2020-01-01 00:23:13+00:00,100.19342253139905,5
2020-01-01 00:23:14+00:00,100.2190638187574,3
2020-01-01 00:23:16+00:00,100.22220153960109,8
2020-01-01 00:23:18+00:00,100.25271889412528,3
2020-01-01 00:23:21+00:00,100.25318376885419,2
2020-01-01 00:23:22+00:00,100.22723828272753,4
2020-01-01 00:23:25+00:00,100.27347326639476,9
2020-01-01 00:23:26+00:00,100.28637919985556,3
2020-01-01 00:23:28+00:00,100.30669181653997,7
2020-01-01 00:23:30+00:00,100.32587362961506,8
2020-01-01 00:23:33+00:00,100.28034566753543,1
2020-01-01 00:23:35+00:00,100.30888761109429,4
2020-01-01 00:23:37+00:00,100.28360361510212,6
2020-01-01 00:23:38+00:00,100.21474587544176,1
2020-01-01 00:23:40+00:00,100.27335508098876,5
2020-01-01 00:23:42+00:00,100.28013377166698,6
2020-01-01 00:23:45+00:00,100.2284684724404,6
2020-01-01 00:23:47+00:00,100.33922723353868,9
2020-01-01 00:23:49+00:00,100.36617693821044,2
2020-01-01 00:23:50+00:00,100.36553314157545,5
2020-01-01 00:23:53+00:00,100.36075606061515,7
2020-01-01 00:23:54+00:00,100.31179784966929,3
2020-01-01 00:23:56+00:00,100.31338495728062,4
2020-01-01 00:23:59+00:00,100.3070877304573,9
2020-01-01 00:24:01+00:00,100.25088123681377,9
2020-01-01 00:24:02+00:00,100.22284015823142,6
2020-01-01 00:24:04+00:00,100.26985550402263,7
2020-01-01 00:24:07+00:00,100.25380925142085,6
2020-01-01 00:24:09+00:00,100.21348273014955,2
2020-01-01 00:24:10+00:00,100.18573575772703,5
2020-01-01 00:24:13+00:00,100.14180519173932,5
2020-01-01 00:24:15+00:00,100.22782915252597,7
2020-01-01 00:24:17+00:00,100.18568137445082,2
2020-01-01 00:24:19+00:00,100.18983047024983,7
2020-01-01 00:24:20+00:00,100.20524355607378,9
2020-01-01 00:24:23+00:00,100.24708256934369,5
2020-01-01 00:24:25+00:00,100.27107926898725,9
2020-01-01 00:24:26+00:00,100.23542248508441,4
2020-01-01 00:24:29+00:00,100.2378641940271,4
2020-01-01 00:24:31+00:00,100.2991731169392,8
2020-01-01 00:24:32+00:00,100.2300123682395,9
2020-01-01 00:24:35+00:00,100.27129631334749,9
2020-01-01 00:24:36+00:00,100.18223399131844,6
2020-01-01 00:24:38+00:00,100.1888416845092,1
2020-01-01 00:24:40+00:00,100.2033189805492,9
2020-01-01 00:24:42+00:00,100.23505749528942,1
2020-01-01 00:24:44+00:00,100.17539175009624,4
2020-01-01 00:24:46+00:00,100.24922228732312,1
2020-01-01 00:24:49+00:00,100.19133324226479,6
2020-01-01 00:24:51+00:00,100.19393416471019,8
2020-01-01 00:24:53+00:00,100.17805550535249,6
2020-01-01 00:24:55+00:00,100.1998913619745,6
2020-01-01 00:24:56+00:00,100.18218499655828,7
2020-01-01 00:24:58+00:00,100.18673150487193,4
2020-01-01 00:25:01+00:00,100.23253159075156,6
2020-01-01 00:25:03+00:00,100.18929924803601,9
2020-01-01 00:25:05+00:00,100.22830082091046,3
2020-01-01 00:25:06+00:00,100.24987057546727,9
2020-01-01 00:25:09+00:00,100.20493972934982,5
2020-01-01 00:25:11+00:00,100.22133393612494,4
2020-01-01 00:25:12+00:00,100.14597193610658,9
2020-01-01 00:25:14+00:00,100.1968794317192,4
2020-01-01 00:25:17+00:00,100.21668795125686,6
2020-01-01 00:25:19+00:00,100.19340827480669,5
2020-01-01 00:25:21+00:00,100.17543044171974,8
2020-01-01 00:25:22+00:00,100.15858096117815,6
2020-01-01 00:25:25+00:00,100.15850637982714,6
2020-01-01 00:25:26+00:00,100.20937753557325,8
2020-01-01 00:25:28+00:00,100.19039810517674,9
2020-01-01 00:25:31+00:00,100.21563787972012,8
2020-01-01 00:25:33+00:00,100.23920375164725,2
2020-01-01 00:25:34+00:00,100.1981449992088,3
2020-01-01 00:25:37+00:00,100.21400945053384,8
2020-01-01 00:25:38+00:00,100.20354090910517,8
2020-01-01 00:25:41+00:00,100.16148080531805,6
2020-01-01 00:25:42+00:00,100.07137936007229,1
2020-01-01 00:25:45+00:00,100.09989385742932,9
2020-01-01 00:25:47+00:00,100.09599435312508,2
2020-01-01 00:25:48+00:00,100.11105212599111,1
2020-01-01 00:25:51+00:00,100.05863688724772,4
2020-01-01 00:25:53+00:00,100.0940105215569,7
2020-01-01 00:25:55+00:00,100.09629792274936,1
2020-01-01 00:25:57+00:00,100.1247553988371,5
2020-01-01 00:25:59+00:00,100.10711989744182,4
2020-01-01 00:26:01+00:00,100.11935962389971,4
2020-01-01 00:26:03+00:00,100.12234513165998,1
2020-01-01 00:26:04+00:00,100.11142175945308,4
2020-01-01 00:26:07+00:00,100.1075517335367,8
2020-01-01 00:26:09+00:00,100.08474999082242,8
2020-01-01 00:26:11+00:00,100.082063143977,7
2020-01-01 00:26:13+00:00,100.03925649350012,1
2020-01-01 00:26:15+00:00,100.07825726116889,3
2020-01-01 00:26:16+00:00,100.06409142940899,2
2020-01-01 00:26:18+00:00,100.09238779980411,5
2020-01-01 00:26:20+00:00,100.108100674676,8
2020-01-01 00:26:22+00:00,100.03040143279011,4
2020-01-01 00:26:24+00:00,100.03981980693119,7
2020-01-01 00:26:27+00:00,99.99124814160074,8
2020-01-01 00:26:29+00:00,99.98041737317772,3
2020-01-01 00:26:30+00:00,99.95220399410809,3
2020-01-01 00:26:32+00:00,100.01746936433136,1
2020-01-01 00:26:35+00:00,99.9898028531525,3
2020-01-01 00:26:37+00:00,99.94104543071097,6
2020-01-01 00:26:39+00:00,99.95422158109454,7
2020-01-01 00:26:41+00:00,99.91625966734514,4
2020-01-01 00:26:42+00:00,99.95786768971718,7
2020-01-01 00:26:45+00:00,99.94172022118241,8
2020-01-01 00:26:47+00:00,99.94900705810977,7
2020-01-01 00:26:49+00:00,99.91717489529175,1
2020-01-01 00:26:50+00:00,99.93012623948573,1
2020-01-01 00:26:52+00:00,99.969636160634,6
2020-01-01 00:26:55+00:00,99.9116599040505,1
2020-01-01 00:26:56+00:00,99.93326502623499,7
2020-01-01 00:26:58+00:00,100.01749400975817,9
2020-01-01 00:27:00+00:00,99.99080459816727,2
2020-01-01 00:27:03+00:00,100.01827948081817,9
2020-01-01 00:27:04+00:00,100.00891261934441,1
2020-01-01 00:27:07+00:00,100.00936235938903,2
2020-01-01 00:27:08+00:00,100.05122495988843,5
2020-01-01 00:27:11+00:00,100.04092827523517,5
2020-01-01 00:27:12+00:00,100.07034560183554,5
2020-01-01 00:27:14+00:00,100.01608005264099,5
2020-01-01 00:27:17+00:00,100.01249602240526,4
2020-01-01 00:27:19+00:00,100.07690891827079,3
2020-01-01 00:27:20+00:00,100.05566195658992,3
2020-01-01 00:27:23+00:00,100.03552011084804,1
2020-01-01 00:27:25+00:00,100.02012978755084,9
2020-01-01 00:27:27+00:00,100.07109755719438,3
2020-01-01 00:27:29+00:00,100.09427744287773,9
2020-01-01 00:27:31+00:00,100.03783439933214,9
2020-01-01 00:27:32+00:00,100.10427193397075,9
2020-01-01 00:27:34+00:00,100.09475193350295,4
2020-01-01 00:27:36+00:00,100.08618007575828,2
2020-01-01 00:27:38+00:00,100.08330237125121,2
2020-01-01 00:27:40+00:00,100.11004979117675,1
2020-01-01 00:27:43+00:00,100.11866251229476,1
2020-01-01 00:27:44+00:00,100.03871704327673,9
2020-01-01 00:27:47+00:00,100.00826618380944,6
2020-01-01 00:27:49+00:00,100.09842488632933,6
2020-01-01 00:27:50+00:00,100.09063366347968,8
2020-01-01 00:27:52+00:00,100.01686001829324,3
2020-01-01 00:27:55+00:00,100.07546871687148,3
2020-01-01 00:27:56+00:00,100.09378230611844,4
2020-01-01 00:27:58+00:00,100.12162022364153,7
2020-01-01 00:28:00+00:00,100.07584379617879,6
2020-01-01 00:28:03+00:00,100.11546151162251,1
2020-01-01 00:28:05+00:00,100.08831375973587,6
2020-01-01 00:28:07+00:00,100.10945199022174,2
2020-01-01 00:28:08+00:00,100.09826196374081,9
2020-01-01 00:28:10+00:00,100.11106455019201,6
2020-01-01 00:28:13+00:00,100.10741797612579,9
2020-01-01 00:28:15+00:00,100.06529560429132,1
2020-01-01 00:28:17+00:00,100.0768388219255,3
2020-01-01 00:28:18+00:00,100.03210729491883,5
2020-01-01 00:28:21+00:00,99.9850737115858,1
2020-01-01 00:28:23+00:00,99.97684466617588,5
2020-01-01 00:28:25+00:00,100.02629282228168,4
2020-01-01 00:28:26+00:00,99.99025818890686,1
2020-01-01 00:28:28+00:00,100.02554870795339,8
2020-01-01 00:28:30+00:00,100.0229345540523,8
2020-01-01 00:28:32+00:00,100.00503720509113,8
2020-01-01 00:28:35+00:00,99.96263003510353,7
2020-01-01 00:28:37+00:00,99.98125783494332,6
2020-01-01 00:28:39+00:00,99.99964076123618,8
2020-01-01 00:28:41+00:00,100.01778121727081,4
2020-01-01 00:28:43+00:00,100.03355634514918,6
2020-01-01 00:28:45+00:00,100.01521368175302,7
2020-01-01 00:28:46+00:00,100.01556038468556,3
2020-01-01 00:28:49+00:00,99.96616603826405,2
2020-01-01 00:28:51+00:00,99.91810950683643,7
2020-01-01 00:28:52+00:00,99.9521336117201,9
2020-01-01 00:28:55+00:00,99.96916621783369,6
2020-01-01 00:28:56+00:00,99.95535721153765,9
2020-01-01 00:28:59+00:00,99.89629794981342,6
2020-01-01 00:29:01+00:00,99.90325939338035,7
2020-01-01 00:29:02+00:00,99.8582155986522,7
2020-01-01 00:29:05+00:00,99.88692879287903,4
2020-01-01 00:29:06+00:00,99.84433813530133,3
2020-01-01 00:29:08+00:00,99.91625365108908,4
2020-01-01 00:29:11+00:00,99.84327635707496,9
2020-01-01 00:29:12+00:00,99.91975795916973,3
2020-01-01 00:29:15+00:00,99.88894530578709,5
2020-01-01 00:29:17+00:00,99.88433498308932,7
2020-01-01 00:29:18+00:00,99.8454547089622,3
2020-01-01 00:29:21+00:00,99.80190227189372,7
2020-01-01 00:29:23+00:00,99.82050984639022,5
2020-01-01 00:29:24+00:00,99.85119445491686,5
2020-01-01 00:29:26+00:00,99.9036578376882,9
2020-01-01 00:29:28+00:00,99.87592763483876,2
2020-01-01 00:29:30+00:00,99.85867725384742,7
2020-01-01 00:29:32+00:00,99.91170026200636,9
2020-01-01 00:29:35+00:00,99.85194463143893,1
2020-01-01 00:29:37+00:00,99.90151334476818,2
2020-01-01 00:29:38+00:00,99.90855751431636,3
2020-01-01 00:29:41+00:00,99.87893386059736,9
2020-01-01 00:29:42+00:00,99.90861598287312,7
2020-01-01 00:29:45+00:00,99.91842479888354,4
2020-01-01 00:29:47+00:00,99.9193165218519,9
2020-01-01 00:29:49+00:00,99.9054762039387,5
2020-01-01 00:29:51+00:00,99.89879694460139,5
2020-01-01 00:29:52+00:00,99.95497131718241,9
2020-01-01 00:29:55+00:00,99.9669249382777,5
2020-01-01 00:29:56+00:00,99.97840074126391,6
2020-01-01 00:29:59+00:00,99.95825451290646,1
2020-01-01 00:30:00+00:00,99.99710533875277,1
2020-01-01 00:30:02+00:00,100.00118455809353,2
2020-01-01 00:30:05+00:00,99.94755694506779,5
2020-01-01 00:30:07+00:00,99.92308444717038,8
2020-01-01 00:30:08+00:00,99.86941250444622,1
2020-01-01 00:30:11+00:00,99.9385608879745,3
2020-01-01 00:30:12+00:00,99.87380163380243,4
2020-01-01 00:30:15+00:00,99.87696417761671,5
2020-01-01 00:30:17+00:00,99.86217138478223,9
2020-01-01 00:30:19+00:00,99.88876199016555,7
2020-01-01 00:30:20+00:00,99.87625783723907,1
2020-01-01 00:30:22+00:00,99.88243965680151,6
2020-01-01 00:30:24+00:00,99.86543549387355,6
2020-01-01 00:30:27+00:00,99.92977603214501,7
2020-01-01 00:30:28+00:00,99.90996470124263,4
2020-01-01 00:30:30+00:00,99.90895747792347,6
2020-01-01 00:30:32+00:00,99.91501404406658,3
2020-01-01 00:30:35+00:00,99.96819712684487,3
2020-01-01 00:30:37+00:00,99.93508234719533,9
2020-01-01 00:30:38+00:00,99.90537664132104,6
2020-01-01 00:30:40+00:00,99.91589433724883,7
2020-01-01 00:30:42+00:00,99.92313750788689,7
2020-01-01 00:30:44+00:00,99.92137428721371,6
2020-01-01 00:30:47+00:00,99.96066773263483,1
2020-01-01 00:30:49+00:00,99.9217326520865,5
2020-01-01 00:30:51+00:00,99.89773061626411,9
2020-01-01 00:30:52+00:00,99.94903141861914,2
2020-01-01 00:30:54+00:00,99.92465012316927,6
2020-01-01 00:30:56+00:00,99.91456828152735,2
2020-01-01 00:30:59+00:00,99.94304250247012,9
2020-01-01 00:31:01+00:00,99.8436035985902,9
2020-01-01 00:31:02+00:00,99.83657756275196,8
2020-01-01 00:31:04+00:00,99.88160279180342,1
2020-01-01 00:31:07+00:00,99.80955977081678,1
2020-01-01 00:31:08+00:00,99.91246198968561,7
2020-01-01 00:31:11+00:00,99.82161521825869,1
2020-01-01 00:31:13+00:00,99.8995478972666,9
2020-01-01 00:31:14+00:00,99.90885877313595,8
2020-01-01 00:31:17+00:00,99.89016056199928,1
2020-01-01 00:31:19+00:00,99.93491534036126,3
2020-01-01 00:31:21+00:00,99.93183111355042,2
2020-01-01 00:31:22+00:00,99.91719640304315,9
2020-01-01 00:31:25+00:00,99.89611345381813,2
2020-01-01 00:31:26+00:00,99.8753567497085,9
2020-01-01 00:31:29+00:00,99.86283137914413,7
2020-01-01 00:31:31+00:00,99.87361027091524,7
2020-01-01 00:31:32+00:00,99.86404660215693,1
2020-01-01 00:31:35+00:00,99.88695442362052,6
2020-01-01 00:31:36+00:00,99.90756893798753,2
2020-01-01 00:31:39+00:00,99.8684922160827,4
2020-01-01 00:31:41+00:00,99.88953985877924,9
2020-01-01 00:31:43+00:00,99.89610188983283,9
2020-01-01 00:31:45+00:00,99.86991700726945,5
2020-01-01 00:31:47+00:00,99.83825616544303,6
2020-01-01 00:31:48+00:00,99.80191730441658,6
2020-01-01 00:31:51+00:00,99.8088284131129,1
2020-01-01 00:31:52+00:00,99.81026400538383,5
2020-01-01 00:31:54+00:00,99.8248697960164,7
2020-01-01 00:31:56+00:00,99.78100878526548,5
2020-01-01 00:31:58+00:00,99.84710577574387,3
2020-01-01 00:32:00+00:00,99.85114328274952,7
2020-01-01 00:32:02+00:00,99.81265227294782,2
2020-01-01 00:32:05+00:00,99.82869536004185,6
2020-01-01 00:32:06+00:00,99.85155558833874,4
2020-01-01 00:32:08+00:00,99.81611340346103,7
2020-01-01 00:32:10+00:00,99.8170114303114,8
2020-01-01 00:32:13+00:00,99.84035461530365,4
2020-01-01 00:32:15+00:00,99.85794617979255,7
2020-01-01 00:32:17+00:00,99.89542940895389,5
2020-01-01 00:32:18+00:00,99.88996909476528,4
2020-01-01 00:32:20+00:00,99.86758928790522,7
2020-01-01 00:32:22+00:00,99.89398381156833,8
2020-01-01 00:32:25+00:00,99.94088204941954,9
2020-01-01 00:32:26+00:00,99.89211793846718,6
2020-01-01 00:32:28+00:00,99.92826534703379,1
2020-01-01 00:32:31+00:00,99.92832744215755,4
2020-01-01 00:32:33+00:00,99.92168898663645,3
2020-01-01 00:32:35+00:00,99.95660049992527,1
2020-01-01 00:32:36+00:00,99.92817808586699,1
2020-01-01 00:32:39+00:00,99.94809167646567,7
2020-01-01 00:32:41+00:00,100.00299550284741,9
2020-01-01 00:32:42+00:00,100.00175684618249,3
2020-01-01 00:32:44+00:00,100.00358910966865,9
2020-01-01 00:32:46+00:00,99.95263118091677,5
2020-01-01 00:32:48+00:00,99.97265236547784,8
2020-01-01 00:32:51+00:00,99.95446253697175,3
2020-01-01 00:32:52+00:00,99.96692450163705,7
2020-01-01 00:32:54+00:00,99.87973466773815,6
2020-01-01 00:32:57+00:00,99.88718057710129,3
2020-01-01 00:32:59+00:00,99.90252640787469,1
2020-01-01 00:33:00+00:00,99.91673684985366,5
2020-01-01 00:33:02+00:00,99.87507093344354,3
2020-01-01 00:33:04+00:00,99.93330652957656,8
2020-01-01 00:33:07+00:00,99.84473778892071,6
2020-01-01 00:33:08+00:00,99.85319014498741,6
2020-01-01 00:33:10+00:00,99.81420486876782,8
2020-01-01 00:33:13+00:00,99.82568670355258,8
2020-01-01 00:33:14+00:00,99.83290199574434,7
2020-01-01 00:33:16+00:00,99.87467739011713,8
2020-01-01 00:33:18+00:00,99.8674922609074,3
2020-01-01 00:33:21+00:00,99.8770479827637,4
2020-01-01 00:33:22+00:00,99.96191984552927,4
2020-01-01 00:33:24+00:00,99.90224568359949,7
2020-01-01 00:33:27+00:00,99.9448884268436,5
2020-01-01 00:33:28+00:00,99.90252546547462,7
2020-01-01 00:33:31+00:00,99.97122028698934,9
2020-01-01 00:33:32+00:00,99.94717462484734,6
2020-01-01 00:33:34+00:00,99.93058313030542,2
2020-01-01 00:33:37+00:00,99.93479148835597,4
2020-01-01 00:33:39+00:00,99.99576342733855,8
2020-01-01 00:33:41+00:00,99.97540078896367,7
2020-01-01 00:33:42+00:00,99.9788318926546,2
2020-01-01 00:33:45+00:00,99.9575810999941,8
2020-01-01 00:33:46+00:00,99.98647442981908,8
2020-01-01 00:33:49+00:00,99.96937838499207,6
2020-01-01 00:33:51+00:00,99.98272811447356,1
2020-01-01 00:33:52+00:00,99.9726575478274,4
2020-01-01 00:33:54+00:00,99.93940124020692,4
2020-01-01 00:33:57+00:00,99.90366241863525,7
2020-01-01 00:33:58+00:00,99.8581568279667,4
2020-01-01 00:34:01+00:00,99.85461236301671,4
2020-01-01 00:34:03+00:00,99.81982523717483,7
2020-01-01 00:34:05+00:00,99.86748095337968,2
2020-01-01 00:34:07+00:00,99.80346434729599,3
2020-01-01 00:34:09+00:00,99.86831776883528,4
2020-01-01 00:34:10+00:00,99.8361414363716,8
2020-01-01 00:34:12+00:00,99.84567726022897,5
2020-01-01 00:34:15+00:00,99.82267831675551,9
2020-01-01 00:34:17+00:00,99.77747275485918,2
2020-01-01 00:34:19+00:00,99.7429540126139,7
2020-01-01 00:34:20+00:00,99.76688599053723,7
2020-01-01 00:34:22+00:00,99.76621236999182,1
2020-01-01 00:34:24+00:00,99.77791187857756,5
2020-01-01 00:34:26+00:00,99.69670317903942,1
2020-01-01 00:34:28+00:00,99.73257140431711,6
2020-01-01 00:34:31+00:00,99.77041805813572,8
2020-01-01 00:34:33+00:00,99.6965413782257,9
2020-01-01 00:34:34+00:00,99.70652946185193,4
2020-01-01 00:34:36+00:00,99.67974012318079,1
2020-01-01 00:34:39+00:00,99.68588795900375,5
2020-01-01 00:34:40+00:00,99.68189036666998,7
2020-01-01 00:34:42+00:00,99.66372644903363,8
2020-01-01 00:34:44+00:00,99.70143761400769,4
2020-01-01 00:34:47+00:00,99.7175745392711,7
2020-01-01 00:34:49+00:00,99.69237954948964,9
2020-01-01 00:34:50+00:00,99.64061748179876,5
2020-01-01 00:34:52+00:00,99.67965487386006,8
2020-01-01 00:34:54+00:00,99.66431355665992,3
2020-01-01 00:34:56+00:00,99.72431705840718,5
2020-01-01 00:34:59+00:00,99.65586570525083,1
2020-01-01 00:35:01+00:00,99.69329955072472,8
2020-01-01 00:35:03+00:00,99.69922873729479,2
2020-01-01 00:35:04+00:00,99.70468088002917,7
2020-01-01 00:35:06+00:00,99.71275666337476,1
2020-01-01 00:35:08+00:00,99.65014677746224,6
2020-01-01 00:35:11+00:00,99.72138288849027,4
2020-01-01 00:35:12+00:00,99.68068128585328,6
2020-01-01 00:35:14+00:00,99.66981643952118,9
2020-01-01 00:35:17+00:00,99.60854352328103,6
2020-01-01 00:35:18+00:00,99.62897591062674,1
2020-01-01 00:35:20+00:00,99.59934884314671,5
2020-01-01 00:35:22+00:00,99.70666725942739,5
2020-01-01 00:35:24+00:00,99.63867784566493,5
2020-01-01 00:35:26+00:00,99.63601954735813,6
2020-01-01 00:35:29+00:00,99.70919132090236,6
2020-01-01 00:35:30+00:00,99.65062154829666,9
2020-01-01 00:35:33+00:00,99.69625319862608,8
2020-01-01 00:35:35+00:00,99.65841839102856,9
2020-01-01 00:35:36+00:00,99.6950199252995,5
2020-01-01 00:35:39+00:00,99.70939848128849,6
2020-01-01 00:35:41+00:00,99.67883650890217,1
2020-01-01 00:35:42+00:00,99.71377326814988,6
2020-01-01 00:35:44+00:00,99.71866087306819,3
2020-01-01 00:35:46+00:00,99.69535550754641,7
2020-01-01 00:35:48+00:00,99.7415560246134,8
2020-01-01 00:35:50+00:00,99.72591023806211,4
2020-01-01 00:35:53+00:00,99.69415384331037,2
2020-01-01 00:35:55+00:00,99.6888967118334,8
2020-01-01 00:35:56+00:00,99.73329756094815,3
2020-01-01 00:35:58+00:00,99.72846864331159,8
2020-01-01 00:36:01+00:00,99.71166766053726,2
2020-01-01 00:36:03+00:00,99.64218232137239,2
2020-01-01 00:36:04+00:00,99.7219686165315,9
2020-01-01 00:36:07+00:00,99.7171489093498,5
2020-01-01 00:36:09+00:00,99.64439642252785,9
2020-01-01 00:36:11+00:00,99.70899265711682,3
2020-01-01 00:36:13+00:00,99.64318617460941,4
2020-01-01 00:36:15+00:00,99.66475542160599,2
2020-01-01 00:36:16+00:00,99.70017456628892,4
2020-01-01 00:36:19+00:00,99.69949147981353,4
2020-01-01 00:36:20+00:00,99.70293107038854,3
2020-01-01 00:36:22+00:00,99.69885076821909,6
2020-01-01 00:36:24+00:00,99.69309289083228,3
2020-01-01 00:36:26+00:00,99.73340065483417,5
2020-01-01 00:36:29+00:00,99.6960286809923,2
2020-01-01 00:36:30+00:00,99.69916591802794,4
2020-01-01 00:36:32+00:00,99.66975803711294,1
2020-01-01 00:36:34+00:00,99.68129169544214,6
2020-01-01 00:36:36+00:00,99.60951986078997,3
2020-01-01 00:36:38+00:00,99.69881577474175,5
2020-01-01 00:36:40+00:00,99.69565502887649,1
2020-01-01 00:36:42+00:00,99.74055512670283,1
2020-01-01 00:36:44+00:00,99.74962215126398,9
2020-01-01 00:36:47+00:00,99.69667959702747,7
2020-01-01 00:36:48+00:00,99.7203939914081,5
2020-01-01 00:36:50+00:00,99.72235805780285,8
2020-01-01 00:36:53+00:00,99.79610875322352,8
2020-01-01 00:36:54+00:00,99.79280470239169,5
2020-01-01 00:36:56+00:00,99.76996856996354,9
2020-01-01 00:36:58+00:00,99.80519792106132,6
2020-01-01 00:37:01+00:00,99.79340217772435,8
2020-01-01 00:37:02+00:00,99.85867123994662,3
2020-01-01 00:37:05+00:00,99.7970222187024,1
2020-01-01 00:37:07+00:00,99.78445310715836,7
2020-01-01 00:37:08+00:00,99.8395357339139,4
2020-01-01 00:37:10+00:00,99.80317522004795,5
2020-01-01 00:37:12+00:00,99.81062086988481,7
2020-01-01 00:37:14+00:00,99.71516434622097,6
2020-01-01 00:37:16+00:00,99.7377402898787,7
2020-01-01 00:37:18+00:00,99.75187508297022,7
2020-01-01 00:37:21+00:00,99.8084568717365,8
2020-01-01 00:37:22+00:00,99.7681137220478,4
2020-01-01 00:37:25+00:00,99.85846087270892,9
2020-01-01 00:37:26+00:00,99.8564237847775,2
2020-01-01 00:37:28+00:00,99.91509853475611,3
2020-01-01 00:37:30+00:00,99.93851713848086,9
2020-01-01 00:37:32+00:00,99.93407257241525,7
2020-01-01 00:37:34+00:00,99.92804919600924,8
2020-01-01 00:37:36+00:00,99.87207795778916,4
2020-01-01 00:37:38+00:00,99.82600441133727,4
2020-01-01 00:37:41+00:00,99.84033280629659,7
2020-01-01 00:37:43+00:00,99.87774109801425,4
2020-01-01 00:37:45+00:00,99.83062838649344,8
2020-01-01 00:37:46+00:00,99.8827835978641,8
2020-01-01 00:37:48+00:00,99.91205232297708,1
2020-01-01 00:37:51+00:00,99.88207888265764,7
2020-01-01 00:37:52+00:00,99.87205191888312,9
2020-01-01 00:37:54+00:00,99.84357890854754,3
2020-01-01 00:37:57+00:00,99.84487771084274,5
2020-01-01 00:37:58+00:00,99.89170896937242,8
2020-01-01 00:38:00+00:00,99.89310063492393,9
2020-01-01 00:38:03+00:00,99.81729142025314,4
2020-01-01 00:38:05+00:00,99.88340449304576,5
2020-01-01 00:38:06+00:00,99.89908660686599,8
2020-01-01 00:38:09+00:00,99.87118768874261,1
2020-01-01 00:38:11+00:00,99.94486073701108,1
2020-01-01 00:38:12+00:00,99.8976235646343,9
2020-01-01 00:38:15+00:00,99.94745376805503,9
2020-01-01 00:38:17+00:00,99.9290248991958,7
2020-01-01 00:38:19+00:00,99.85355450409989,4
2020-01-01 00:38:20+00:00,99.87366255001321,3
2020-01-01 00:38:22+00:00,99.89809031588432,9
2020-01-01 00:38:24+00:00,99.90844874743726,6
2020-01-01 00:38:27+00:00,99.88967831452854,3
2020-01-01 00:38:29+00:00,99.89470726187683,9
2020-01-01 00:38:31+00:00,99.94691739284698,4
2020-01-01 00:38:32+00:00,99.88305587203723,1
2020-01-01 00:38:35+00:00,99.87275113734094,3
2020-01-01 00:38:37+00:00,99.95617636432831,9
2020-01-01 00:38:38+00:00,99.98659517407124,6
2020-01-01 00:38:40+00:00,99.91138387820634,7
2020-01-01 00:38:43+00:00,99.88521577829978,3
2020-01-01 00:38:44+00:00,99.85990863135811,9
2020-01-01 00:38:47+00:00,99.91974354076524,7
2020-01-01 00:38:48+00:00,99.93289319211952,6
2020-01-01 00:38:50+00:00,99.89379997580704,7
2020-01-01 00:38:52+00:00,99.93128762580236,2
2020-01-01 00:38:54+00:00,99.92507128975006,7
2020-01-01 00:38:56+00:00,99.90631154999326,9
2020-01-01 00:38:58+00:00,99.90495618020972,5
2020-01-01 00:39:01+00:00,99.91033318075691,9
2020-01-01 00:39:03+00:00,99.99261118734421,4
2020-01-01 00:39:05+00:00,99.94404638252237,5
2020-01-01 00:39:07+00:00,99.92956612094645,3
2020-01-01 00:39:09+00:00,99.93644431149393,7
2020-01-01 00:39:11+00:00,99.93984721163547,5
2020-01-01 00:39:12+00:00,99.92644089277324,3
2020-01-01 00:39:15+00:00,99.8942133083324,5
2020-01-01 00:39:17+00:00,99.91170762969793,3
2020-01-01 00:39:19+00:00,99.90714457764707,3
2020-01-01 00:39:21+00:00,99.95911902160017,7
2020-01-01 00:39:23+00:00,99.96619026892753,6
2020-01-01 00:39:24+00:00,99.97806675894353,9
2020-01-01 00:39:27+00:00,99.96081461526792,2
2020-01-01 00:39:28+00:00,99.98695731573125,8
2020-01-01 00:39:31+00:00,100.00376516571772,4
2020-01-01 00:39:33+00:00,99.96729230721493,6
2020-01-01 00:39:35+00:00,100.0128684166377,3
2020-01-01 00:39:37+00:00,99.97777794847042,5
2020-01-01 00:39:38+00:00,100.02227318856981,5
2020-01-01 00:39:40+00:00,99.96908099118114,6
2020-01-01 00:39:43+00:00,99.94395626714953,7
2020-01-01 00:39:44+00:00,99.97032509348738,6
2020-01-01 00:39:46+00:00,99.93205495335663,1
2020-01-01 00:39:48+00:00,99.95499240194165,2
2020-01-01 00:39:51+00:00,100.03801529315076,4
2020-01-01 00:39:52+00:00,100.02504834926812,7
2020-01-01 00:39:55+00:00,99.99344265548184,1
2020-01-01 00:39:57+00:00,100.0422691073968,8
2020-01-01 00:39:58+00:00,100.05411302477252,4
2020-01-01 00:40:01+00:00,100.0473944403804,5
2020-01-01 00:40:03+00:00,100.04589052921762,7
2020-01-01 00:40:05+00:00,100.07192740683,4
2020-01-01 00:40:07+00:00,100.00493536050305,6
2020-01-01 00:40:08+00:00,100.0326554947789,3
2020-01-01 00:40:10+00:00,100.10166096289484,7
2020-01-01 00:40:13+00:00,100.0383690772015,1
2020-01-01 00:40:14+00:00,100.07150434446635,8
2020-01-01 00:40:16+00:00,100.0852811090039,4
2020-01-01 00:40:18+00:00,100.06298000916705,4
2020-01-01 00:40:21+00:00,100.11000555181718,5
2020-01-01 00:40:22+00:00,100.04408766241573,4
2020-01-01 00:40:24+00:00,100.06261781432293,3
2020-01-01 00:40:26+00:00,100.1018777856264,2
2020-01-01 00:40:29+00:00,100.09619714533487,7
2020-01-01 00:40:30+00:00,100.11205461463584,3
2020-01-01 00:40:33+00:00,100.16881418216643,7
2020-01-01 00:40:35+00:00,100.10553513544313,6
2020-01-01 00:40:36+00:00,100.13410917394374,2
2020-01-01 00:40:38+00:00,100.08540659335232,7
2020-01-01 00:40:40+00:00,100.05222426245771,5
2020-01-01 00:40:43+00:00,100.08949241187001,7
2020-01-01 00:40:45+00:00,100.13106819669254,2
2020-01-01 00:40:47+00:00,100.1276678997907,5
2020-01-01 00:40:48+00:00,100.13525992759446,8
2020-01-01 00:40:51+00:00,100.19079534497065,1
2020-01-01 00:40:52+00:00,100.19848320665314,5
2020-01-01 00:40:54+00:00,100.19784336679548,6
2020-01-01 00:40:56+00:00,100.2029907721547,3
2020-01-01 00:40:58+00:00,100.1822513023802,8
2020-01-01 00:41:00+00:00,100.17213478926523,5
2020-01-01 00:41:03+00:00,100.22470434389449,8
2020-01-01 00:41:05+00:00,100.23676014660126,9
2020-01-01 00:41:06+00:00,100.2367826076302,1
2020-01-01 00:41:08+00:00,100.2137563446245,4
2020-01-01 00:41:10+00:00,100.22026268210783,4
2020-01-01 00:41:12+00:00,100.22388629416776,7
2020-01-01 00:41:15+00:00,100.25937064910211,5
2020-01-01 00:41:16+00:00,100.20800665367237,8
2020-01-01 00:41:19+00:00,100.22500931097734,6
2020-01-01 00:41:21+00:00,100.31167856691634,2
2020-01-01 00:41:22+00:00,100.35106381609819,8
2020-01-01 00:41:24+00:00,100.2886022738137,2
2020-01-01 00:41:26+00:00,100.31966744157162,1
2020-01-01 00:41:29+00:00,100.37372338966983,2
2020-01-01 00:41:31+00:00,100.32534715950449,9
2020-01-01 00:41:33+00:00,100.34491780156179,8
2020-01-01 00:41:34+00:00,100.37452334107275,4
2020-01-01 00:41:37+00:00,100.37560080905266,4
2020-01-01 00:41:39+00:00,100.42499555116311,9
2020-01-01 00:41:40+00:00,100.38577066894841,5
2020-01-01 00:41:42+00:00,100.4101139680314,8
2020-01-01 00:41:44+00:00,100.4664321536942,2
2020-01-01 00:41:47+00:00,100.45108429453026,4
2020-01-01 00:41:49+00:00,100.44639675043396,7
2020-01-01 00:41:50+00:00,100.52701488230613,9
2020-01-01 00:41:53+00:00,100.49747518689671,5
2020-01-01 00:41:55+00:00,100.50350328705689,5
2020-01-01 00:41:56+00:00,100.47282512257848,8
2020-01-01 00:41:58+00:00,100.51036227470415,1
2020-01-01 00:42:01+00:00,100.43595354083423,4
2020-01-01 00:42:03+00:00,100.45261973879187,2
2020-01-01 00:42:04+00:00,100.45240670058418,9
2020-01-01 00:42:07+00:00,100.45038173008966,5
2020-01-01 00:42:09+00:00,100.46516683316959,3
2020-01-01 00:42:10+00:00,100.46622872210503,7
2020-01-01 00:42:12+00:00,100.47220782514218,4
2020-01-01 00:42:14+00:00,100.44461718279693,3
2020-01-01 00:42:17+00:00,100.4751802853854,5
2020-01-01 00:42:19+00:00,100.47315597740001,9
2020-01-01 00:42:21+00:00,100.44756778680865,5
2020-01-01 00:42:23+00:00,100.38801469629323,3
2020-01-01 00:42:25+00:00,100.38140466857722,4
2020-01-01 00:42:26+00:00,100.38082552179156,9
2020-01-01 00:42:29+00:00,100.42927308683836,5
2020-01-01 00:42:31+00:00,100.42940733036698,6
2020-01-01 00:42:32+00:00,100.41135518677329,5
2020-01-01 00:42:34+00:00,100.43464620588948,7
2020-01-01 00:42:37+00:00,100.36657981792662,4
2020-01-01 00:42:39+00:00,100.35797120854988,4
2020-01-01 00:42:41+00:00,100.33319964118105,4
2020-01-01 00:42:42+00:00,100.32140678515762,5
2020-01-01 00:42:45+00:00,100.40814662336336,8
2020-01-01 00:42:47+00:00,100.37637409865798,4
2020-01-01 00:42:49+00:00,100.35972106762345,6
2020-01-01 00:42:51+00:00,100.342202202734,5
2020-01-01 00:42:52+00:00,100.30249607173003,2
2020-01-01 00:42:55+00:00,100.32822766128454,8
2020-01-01 00:42:56+00:00,100.36747676193791,4
2020-01-01 00:42:58+00:00,100.34562248497153,7
2020-01-01 00:43:00+00:00,100.36371626881981,6
2020-01-01 00:43:03+00:00,100.39242641776659,8
2020-01-01 00:43:04+00:00,100.33980739458022,5
2020-01-01 00:43:07+00:00,100.41346518585051,4
2020-01-01 00:43:08+00:00,100.39338640128238,5
2020-01-01 00:43:10+00:00,100.40625968236948,3
2020-01-01 00:43:12+00:00,100.4246783436106,8
2020-01-01 00:43:14+00:00,100.4065987165538,6
2020-01-01 00:43:16+00:00,100.34677361428386,5
2020-01-01 00:43:19+00:00,100.39993859040577,9
2020-01-01 00:43:21+00:00,100.37122901821856,2
2020-01-01 00:43:23+00:00,100.38201062322896,7
2020-01-01 00:43:24+00:00,100.38318450251916,8
2020-01-01 00:43:26+00:00,100.36390440898417,3
2020-01-01 00:43:29+00:00,100.38456068659758,2
2020-01-01 00:43:31+00:00,100.34043226934213,8
2020-01-01 00:43:32+00:00,100.36665388897377,7
2020-01-01 00:43:34+00:00,100.34615697432557,8
2020-01-01 00:43:37+00:00,100.41430391427237,5
2020-01-01 00:43:38+00:00,100.39422328450219,7
2020-01-01 00:43:40+00:00,100.3593283647913,4
2020-01-01 00:43:43+00:00,100.37970331836672,7
2020-01-01 00:43:44+00:00,100.40045147491382,7
2020-01-01 00:43:46+00:00,100.39229295954223,7
2020-01-01 00:43:48+00:00,100.38282607141058,9
2020-01-01 00:43:50+00:00,100.3955120924956,6
2020-01-01 00:43:53+00:00,100.41564584980247,9
2020-01-01 00:43:54+00:00,100.35240308769531,4
2020-01-01 00:43:57+00:00,100.42024742114543,2
2020-01-01 00:43:58+00:00,100.35452489910453,7
2020-01-01 00:44:01+00:00,100.3988060557473,4
2020-01-01 00:44:02+00:00,100.39274807414864,4
2020-01-01 00:44:05+00:00,100.40189801063575,7
2020-01-01 00:44:06+00:00,100.35043899014718,2
2020-01-01 00:44:08+00:00,100.3140249305131,3
2020-01-01 00:44:10+00:00,100.29751252386332,9
2020-01-01 00:44:13+00:00,100.33558686793621,8
2020-01-01 00:44:14+00:00,100.36787062235005,9
2020-01-01 00:44:17+00:00,100.37060009264805,8
2020-01-01 00:44:18+00:00,100.377785237463,2
2020-01-01 00:44:20+00:00,100.3327854254994,3
2020-01-01 00:44:22+00:00,100.33665655953234,8
2020-01-01 00:44:24+00:00,100.34439872401877,8
2020-01-01 00:44:27+00:00,100.39909043997632,6
2020-01-01 00:44:29+00:00,100.42102241792956,8
2020-01-01 00:44:31+00:00,100.3687811732887,3
2020-01-01 00:44:33+00:00,100.32760170249402,2
2020-01-01 00:44:34+00:00,100.3123362377963,3
2020-01-01 00:44:36+00:00,100.31760801157137,7
2020-01-01 00:44:39+00:00,100.33227173531938,2
2020-01-01 00:44:41+00:00,100.2819789330199,6
2020-01-01 00:44:43+00:00,100.27600487161816,5
2020-01-01 00:44:45+00:00,100.31116272418333,8
2020-01-01 00:44:46+00:00,100.30954236638162,2
2020-01-01 00:44:48+00:00,100.31872423936468,6
2020-01-01 00:44:50+00:00,100.2494034549574,7
2020-01-01 00:44:53+00:00,100.29813504234178,9
2020-01-01 00:44:55+00:00,100.28009380830115,9
2020-01-01 00:44:57+00:00,100.23977998019387,4
2020-01-01 00:44:58+00:00,100.29076745265807,3
2020-01-01 00:45:01+00:00,100.29225758048167,7
2020-01-01 00:45:03+00:00,100.23635458509605,3
2020-01-01 00:45:04+00:00,100.22643419256299,4
2020-01-01 00:45:06+00:00,100.24109605186369,5
2020-01-01 00:45:09+00:00,100.28095298205179,8
2020-01-01 00:45:11+00:00,100.28916962843844,2
2020-01-01 00:45:12+00:00,100.2676599062801,8
2020-01-01 00:45:15+00:00,100.28818998121453,2
2020-01-01 00:45:17+00:00,100.24983421339773,3
2020-01-01 00:45:19+00:00,100.24658299054633,2
2020-01-01 00:45:20+00:00,100.29474957978867,1
2020-01-01 00:45:22+00:00,100.24155543580439,8
2020-01-01 00:45:24+00:00,100.23862464338951,1
2020-01-01 00:45:27+00:00,100.27289553487994,5
2020-01-01 00:45:28+00:00,100.33018295706927,9
2020-01-01 00:45:30+00:00,100.29801474001125,8
2020-01-01 00:45:33+00:00,100.25372422536772,3
2020-01-01 00:45:35+00:00,100.28313390501513,8
2020-01-01 00:45:37+00:00,100.23239781684651,4
2020-01-01 00:45:38+00:00,100.21812751076959,3
2020-01-01 00:45:40+00:00,100.21808559594304,4
2020-01-01 00:45:42+00:00,100.24243350103421,2
2020-01-01 00:45:44+00:00,100.22208612871397,8
2020-01-01 00:45:47+00:00,100.18848586010516,1
2020-01-01 00:45:48+00:00,100.24682442195275,1
2020-01-01 00:45:50+00:00,100.15331136668954,7
2020-01-01 00:45:53+00:00,100.19309440450722,3
2020-01-01 00:45:54+00:00,100.1911711697761,5
2020-01-01 00:45:57+00:00,100.23405300821342,9
2020-01-01 00:45:59+00:00,100.20323043964825,8
2020-01-01 00:46:01+00:00,100.24301719424813,2
2020-01-01 00:46:02+00:00,100.20342646369328,6
2020-01-01 00:46:04+00:00,100.2535135613968,5
2020-01-01 00:46:06+00:00,100.22845949170681,2
2020-01-01 00:46:09+00:00,100.205098216997,9
2020-01-01 00:46:10+00:00,100.23985208714674,5
2020-01-01 00:46:12+00:00,100.27641805132808,2
2020-01-01 00:46:14+00:00,100.22399777756075,4
2020-01-01 00:46:16+00:00,100.23053867042596,2
2020-01-01 00:46:18+00:00,100.30095420257327,2
2020-01-01 00:46:20+00:00,100.30720446874018,2
2020-01-01 00:46:23+00:00,100.24617779700868,2
2020-01-01 00:46:24+00:00,100.27255706170764,4
2020-01-01 00:46:27+00:00,100.29821057650926,7
2020-01-01 00:46:29+00:00,100.29661810447202,6
2020-01-01 00:46:31+00:00,100.25471996974191,6
2020-01-01 00:46:33+00:00,100.28475805437859,5
2020-01-01 00:46:35+00:00,100.25297823612135,4
2020-01-01 00:46:37+00:00,100.32151092125949,4
2020-01-01 00:46:38+00:00,100.29475664267163,2
2020-01-01 00:46:41+00:00,100.32206383625216,3
2020-01-01 00:46:43+00:00,100.36352621735178,3
2020-01-01 00:46:45+00:00,100.33126622538263,8
2020-01-01 00:46:47+00:00,100.28667724558633,4
2020-01-01 00:46:49+00:00,100.30503550491147,1
2020-01-01 00:46:51+00:00,100.32512486221877,7
2020-01-01 00:46:52+00:00,100.32427063650879,3
2020-01-01 00:46:55+00:00,100.31472534857343,4
2020-01-01 00:46:57+00:00,100.30321868126018,3
2020-01-01 00:46:59+00:00,100.35738300235012,7
2020-01-01 00:47:00+00:00,100.38182996814419,9
2020-01-01 00:47:02+00:00,100.35917729974457,4
2020-01-01 00:47:04+00:00,100.3806739246926,4
2020-01-01 00:47:07+00:00,100.43482365525682,6
2020-01-01 00:47:09+00:00,100.38695159730119,8
2020-01-01 00:47:10+00:00,100.3720927100797,7
2020-01-01 00:47:12+00:00,100.40933638071247,3
2020-01-01 00:47:14+00:00,100.38165913821481,4
2020-01-01 00:47:17+00:00,100.39400118472524,3
2020-01-01 00:47:19+00:00,100.37409270756659,5
2020-01-01 00:47:21+00:00,100.40894799111156,9
2020-01-01 00:47:23+00:00,100.40911485859593,1
2020-01-01 00:47:25+00:00,100.36752329492647,5
2020-01-01 00:47:26+00:00,100.43016327638932,2
2020-01-01 00:47:29+00:00,100.39834241700575,5
2020-01-01 00:47:31+00:00,100.41932141186393,7
2020-01-01 00:47:33+00:00,100.4031983354293,3
2020-01-01 00:47:35+00:00,100.41479332867932,1
2020-01-01 00:47:36+00:00,100.41151804001002,5
2020-01-01 00:47:38+00:00,100.43998221230108,2
2020-01-01 00:47:40+00:00,100.4029655731751,7
2020-01-01 00:47:42+00:00,100.4675599421264,5
2020-01-01 00:47:45+00:00,100.38960672134341,6
2020-01-01 00:47:46+00:00,100.39650711581736,9
2020-01-01 00:47:49+00:00,100.33634119306383,3
2020-01-01 00:47:51+00:00,100.41745629820133,9
2020-01-01 00:47:52+00:00,100.4120802410445,3
2020-01-01 00:47:55+00:00,100.31111577361075,7
2020-01-01 00:47:56+00:00,100.33272975193809,7
2020-01-01 00:47:59+00:00,100.36493774876142,4
2020-01-01 00:48:00+00:00,100.34184015393818,8
2020-01-01 00:48:02+00:00,100.35082561691802,2
2020-01-01 00:48:05+00:00,100.32682732540152,7
2020-01-01 00:48:07+00:00,100.26508067523983,4
2020-01-01 00:48:09+00:00,100.29201983742517,8
2020-01-01 00:48:11+00:00,100.2936157485761,1
2020-01-01 00:48:13+00:00,100.26054950703688,8
2020-01-01 00:48:14+00:00,100.31517590970532,3
2020-01-01 00:48:16+00:00,100.26426495287595,1
2020-01-01 00:48:18+00:00,100.24818334074911,7
2020-01-01 00:48:21+00:00,100.29444202472047,1
2020-01-01 00:48:22+00:00,100.31088051796962,6
2020-01-01 00:48:25+00:00,100.34312723784258,3
2020-01-01 00:48:27+00:00,100.30307110359874,9
2020-01-01 00:48:28+00:00,100.37150968149133,5
2020-01-01 00:48:31+00:00,100.31408190977065,3
2020-01-01 00:48:33+00:00,100.33628355597588,5
2020-01-01 00:48:34+00:00,100.30874847192452,4
2020-01-01 00:48:37+00:00,100.32942601866438,6
2020-01-01 00:48:38+00:00,100.28784672739573,7
2020-01-01 00:48:41+00:00,100.31939038221836,2
2020-01-01 00:48:42+00:00,100.30175669995471,3
2020-01-01 00:48:44+00:00,100.31065967605011,1
2020-01-01 00:48:46+00:00,100.30378611480627,3
2020-01-01 00:48:48+00:00,100.30014801631458,2
2020-01-01 00:48:51+00:00,100.32345727940208,9
2020-01-01 00:48:53+00:00,100.30093105769596,7
2020-01-01 00:48:54+00:00,100.251765521691,4
2020-01-01 00:48:57+00:00,100.24676014944887,5
2020-01-01 00:48:58+00:00,100.28307068657975,8
2020-01-01 00:49:00+00:00,100.31976858540732,5
2020-01-01 00:49:02+00:00,100.23479393355571,4
2020-01-01 00:49:05+00:00,100.2615439043545,8
2020-01-01 00:49:07+00:00,100.28068835162578,9
2020-01-01 00:49:09+00:00,100.28625754059615,6
2020-01-01 00:49:11+00:00,100.26986035472947,8
2020-01-01 00:49:12+00:00,100.30555984739742,5
2020-01-01 00:49:14+00:00,100.30230576445875,3
2020-01-01 00:49:17+00:00,100.31921954926423,2
2020-01-01 00:49:18+00:00,100.31915824091458,1
2020-01-01 00:49:21+00:00,100.2840104884133,5
2020-01-01 00:49:22+00:00,100.27381089305415,6
2020-01-01 00:49:25+00:00,100.29232465526142,9
2020-01-01 00:49:27+00:00,100.32969542848208,4
2020-01-01 00:49:29+00:00,100.27520721308302,3
2020-01-01 00:49:31+00:00,100.3026796001751,3
2020-01-01 00:49:33+00:00,100.30486656903553,9
2020-01-01 00:49:34+00:00,100.33220610502613,7
2020-01-01 00:49:36+00:00,100.30490523087055,1
2020-01-01 00:49:39+00:00,100.3382852315167,4
2020-01-01 00:49:40+00:00,100.2694982059499,3
2020-01-01 00:49:42+00:00,100.27068453130339,3
2020-01-01 00:49:45+00:00,100.29399889695917,2
2020-01-01 00:49:47+00:00,100.23655514857163,8
2020-01-01 00:49:48+00:00,100.27455489676184,8
2020-01-01 00:49:50+00:00,100.2403281516786,8
2020-01-01 00:49:52+00:00,100.27169040523204,8
2020-01-01 00:49:55+00:00,100.25492700786036,8
2020-01-01 00:49:57+00:00,100.25477494801501,3
2020-01-01 00:49:58+00:00,100.24236673818159,3
2020-01-01 00:50:00+00:00,100.25716742476813,1
2020-01-01 00:50:02+00:00,100.29322199801184,9
2020-01-01 00:50:05+00:00,100.26521107732839,8
2020-01-01 00:50:07+00:00,100.31679472493651,5
2020-01-01 00:50:08+00:00,100.33523906185471,2
2020-01-01 00:50:11+00:00,100.30080856775523,3
2020-01-01 00:50:12+00:00,100.39439772571171,6
2020-01-01 00:50:14+00:00,100.3639026115021,2
2020-01-01 00:50:16+00:00,100.3665556428046,1
2020-01-01 00:50:18+00:00,100.39858217359333,8
2020-01-01 00:50:20+00:00,100.37978168716704,7
2020-01-01 00:50:22+00:00,100.42106054150926,7
2020-01-01 00:50:25+00:00,100.4200216781766,9
2020-01-01 00:50:26+00:00,100.38454744769314,9
2020-01-01 00:50:29+00:00,100.31387093365126,3
2020-01-01 00:50:30+00:00,100.3614850468884,1
2020-01-01 00:50:33+00:00,100.36841315920014,9
2020-01-01 00:50:34+00:00,100.35145722922104,1
2020-01-01 00:50:37+00:00,100.37139526835534,5
2020-01-01 00:50:38+00:00,100.3489450996721,9
2020-01-01 00:50:40+00:00,100.3383804087394,7
2020-01-01 00:50:42+00:00,100.38270789405516,3
2020-01-01 00:50:44+00:00,100.38720291096094,5
2020-01-01 00:50:47+00:00,100.38654563379158,3
2020-01-01 00:50:49+00:00,100.36041778778386,7
2020-01-01 00:50:50+00:00,100.2879645020946,2
2020-01-01 00:50:52+00:00,100.26951329533394,3
2020-01-01 00:50:54+00:00,100.21288941338634,5
2020-01-01 00:50:56+00:00,100.21845101877113,9
2020-01-01 00:50:58+00:00,100.24584987051777,2
2020-01-01 00:51:01+00:00,100.29353365036452,4
2020-01-01 00:51:03+00:00,100.29525160240286,1
2020-01-01 00:51:05+00:00,100.31474478854432,5
2020-01-01 00:51:06+00:00,100.30520620228631,9
2020-01-01 00:51:08+00:00,100.29171741885997,3
2020-01-01 00:51:10+00:00,100.30669306215087,2
2020-01-01 00:51:12+00:00,100.30641240251958,5
2020-01-01 00:51:15+00:00,100.28571051036322,4
2020-01-01 00:51:17+00:00,100.28022934747845,3
2020-01-01 00:51:18+00:00,100.25873343520135,2
2020-01-01 00:51:20+00:00,100.24774705646688,1
2020-01-01 00:51:23+00:00,100.30147414480005,8
2020-01-01 00:51:25+00:00,100.34995938888314,9
2020-01-01 00:51:27+00:00,100.28563567094955,8
2020-01-01 00:51:28+00:00,100.29018010553155,6
2020-01-01 00:51:30+00:00,100.2954582750084,9
2020-01-01 00:51:32+00:00,100.23018108134049,7
2020-01-01 00:51:35+00:00,100.22155424954259,5
2020-01-01 00:51:36+00:00,100.19009333756503,7
2020-01-01 00:51:38+00:00,100.19187062989201,8
2020-01-01 00:51:40+00:00,100.20175440399132,3
2020-01-01 00:51:42+00:00,100.22776461768288,8
2020-01-01 00:51:45+00:00,100.21956253513783,6
2020-01-01 00:51:46+00:00,100.15371125408521,8
2020-01-01 00:51:48+00:00,100.17124867984707,1
2020-01-01 00:51:51+00:00,100.17410597181765,2
2020-01-01 00:51:53+00:00,100.1886074076589,6
2020-01-01 00:51:55+00:00,100.20710439145832,5
2020-01-01 00:51:57+00:00,100.21523767324582,6
2020-01-01 00:51:58+00:00,100.23608900410048,6
2020-01-01 00:52:00+00:00,100.18151714887063,6
2020-01-01 00:52:03+00:00,100.19895837674524,3
2020-01-01 00:52:05+00:00,100.19774701223106,7
2020-01-01 00:52:06+00:00,100.20117278122711,8
2020-01-01 00:52:09+00:00,100.18445199214753,3
2020-01-01 00:52:10+00:00,100.19223474068227,6
2020-01-01 00:52:12+00:00,100.23385073762282,3
2020-01-01 00:52:15+00:00,100.20110960814752,8
2020-01-01 00:52:16+00:00,100.16834574753554,4
2020-01-01 00:52:19+00:00,100.13681289321035,7
2020-01-01 00:52:20+00:00,100.16169526882929,8
2020-01-01 00:52:22+00:00,100.18837808543132,4
2020-01-01 00:52:24+00:00,100.19232615269168,4
2020-01-01 00:52:27+00:00,100.19826724050336,2
2020-01-01 00:52:29+00:00,100.15219049241415,2
2020-01-01 00:52:30+00:00,100.16068429096075,3
2020-01-01 00:52:33+00:00,100.12480926944617,1
2020-01-01 00:52:34+00:00,100.12973693748934,5
2020-01-01 00:52:37+00:00,100.14471695474333,1
2020-01-01 00:52:38+00:00,100.12136254554709,9
2020-01-01 00:52:40+00:00,100.17045290629852,2
2020-01-01 00:52:43+00:00,100.16357874677307,2
2020-01-01 00:52:45+00:00,100.14147994579339,8
2020-01-01 00:52:46+00:00,100.06831245149462,8
2020-01-01 00:52:48+00:00,100.1046839410426,4
2020-01-01 00:52:51+00:00,100.10028257668077,3
2020-01-01 00:52:52+00:00,100.10309544036973,3
2020-01-01 00:52:55+00:00,100.05770459098655,6
2020-01-01 00:52:57+00:00,100.0363609205591,8
2020-01-01 00:52:58+00:00,100.0523083698069,9
2020-01-01 00:53:00+00:00,100.05938983146488,1
2020-01-01 00:53:03+00:00,100.09244952174802,5
2020-01-01 00:53:05+00:00,100.08103475011913,4
2020-01-01 00:53:06+00:00,100.06506607567579,2
2020-01-01 00:53:09+00:00,100.05762189323646,7
2020-01-01 00:53:11+00:00,100.0070500904344,3
2020-01-01 00:53:12+00:00,99.9779782484015,4
2020-01-01 00:53:15+00:00,100.03181099528547,7
2020-01-01 00:53:17+00:00,99.99460367876925,1
2020-01-01 00:53:19+00:00,100.05640036553407,7
2020-01-01 00:53:21+00:00,100.06670481908284,8
2020-01-01 00:53:23+00:00,100.03028956288342,6
2020-01-01 00:53:25+00:00,100.01585351939202,3
2020-01-01 00:53:26+00:00,100.00293516304065,2
2020-01-01 00:53:29+00:00,100.01502846132442,6
2020-01-01 00:53:31+00:00,100.04322564549504,7
2020-01-01 00:53:32+00:00,100.05316408603073,9
2020-01-01 00:53:34+00:00,100.06287254382136,8
2020-01-01 00:53:37+00:00,100.0796972255356,4
2020-01-01 00:53:39+00:00,100.07836053732835,5
2020-01-01 00:53:41+00:00,100.04515541202501,5
2020-01-01 00:53:43+00:00,100.03883426558306,3
2020-01-01 00:53:44+00:00,100.08816995285338,1
2020-01-01 00:53:47+00:00,100.07558232103203,6
2020-01-01 00:53:48+00:00,100.0803004648203,1
2020-01-01 00:53:50+00:00,100.07991447595143,8
2020-01-01 00:53:52+00:00,100.11291360388502,2
2020-01-01 00:53:54+00:00,100.09471034696188,5
2020-01-01 00:53:56+00:00,100.0387667126694,7
2020-01-01 00:53:59+00:00,100.06321150143657,6
2020-01-01 00:54:00+00:00,100.02219607795725,4
2020-01-01 00:54:03+00:00,100.04508096794416,7
2020-01-01 00:54:05+00:00,100.09756291952841,4
2020-01-01 00:54:06+00:00,100.10774271465667,9
2020-01-01 00:54:08+00:00,100.03631356208442,4
2020-01-01 00:54:11+00:00,100.03178379968138,1
2020-01-01 00:54:13+00:00,100.06450326397263,6
2020-01-01 00:54:14+00:00,100.06328316135175,7
2020-01-01 00:54:17+00:00,100.10846764290238,6
2020-01-01 00:54:18+00:00,100.10948131836511,1
2020-01-01 00:54:20+00:00,100.04695333715244,2
2020-01-01 00:54:23+00:00,100.1572327769451,3
2020-01-01 00:54:24+00:00,100.16287070223561,2
2020-01-01 00:54:26+00:00,100.15247725361232,7
2020-01-01 00:54:28+00:00,100.10646404703255,9
2020-01-01 00:54:30+00:00,100.1007884804543,2
2020-01-01 00:54:32+00:00,100.12666093843491,9
2020-01-01 00:54:34+00:00,100.17497493407667,6
2020-01-01 00:54:36+00:00,100.17356522600151,6
2020-01-01 00:54:38+00:00,100.14463042544583,8
2020-01-01 00:54:41+00:00,100.15215749026596,4
2020-01-01 00:54:42+00:00,100.11510647537027,7
2020-01-01 00:54:44+00:00,100.175344498918,6
2020-01-01 00:54:46+00:00,100.11761277898164,8
2020-01-01 00:54:49+00:00,100.11335921100175,2
2020-01-01 00:54:51+00:00,100.06108632771567,6
2020-01-01 00:54:52+00:00,100.03239468225414,8
2020-01-01 00:54:55+00:00,100.05431706306648,5
2020-01-01 00:54:56+00:00,100.08113723275824,4
2020-01-01 00:54:59+00:00,100.00987676855473,9
2020-01-01 00:55:00+00:00,100.01267750135175,8
2020-01-01 00:55:03+00:00,99.98599315051058,4
2020-01-01 00:55:05+00:00,100.01687452180649,9
2020-01-01 00:55:06+00:00,100.03481053027755,2
2020-01-01 00:55:09+00:00,99.94542582744482,2
2020-01-01 00:55:10+00:00,99.94612466783242,5
2020-01-01 00:55:13+00:00,99.94976550918891,9
2020-01-01 00:55:14+00:00,99.93392608463903,6
2020-01-01 00:55:16+00:00,99.90277131880465,7
2020-01-01 00:55:18+00:00,99.94770715618155,4
2020-01-01 00:55:21+00:00,99.93254306534257,1
2020-01-01 00:55:23+00:00,99.92922715120261,9
2020-01-01 00:55:25+00:00,99.90817985966324,5
2020-01-01 00:55:26+00:00,99.92919121082546,3
2020-01-01 00:55:28+00:00,100.0146978764387,1
2020-01-01 00:55:30+00:00,99.93020326685317,2
2020-01-01 00:55:32+00:00,99.90273949376599,9
2020-01-01 00:55:35+00:00,99.94504454750845,5
2020-01-01 00:55:37+00:00,99.96659949947228,7
2020-01-01 00:55:38+00:00,99.93712610835576,3
2020-01-01 00:55:40+00:00,99.94125518134415,1
2020-01-01 00:55:42+00:00,99.89988148276241,6
2020-01-01 00:55:45+00:00,99.95747858544208,7
2020-01-01 00:55:47+00:00,99.9099319367733,3
2020-01-01 00:55:48+00:00,99.99464239903618,8
2020-01-01 00:55:51+00:00,99.96426906496585,4
2020-01-01 00:55:52+00:00,99.92692351847161,7
2020-01-01 00:55:54+00:00,99.95307792435264,7
2020-01-01 00:55:56+00:00,99.97983300212461,7
2020-01-01 00:55:59+00:00,99.96909603635201,7
2020-01-01 00:56:01+00:00,100.01350726524795,7
2020-01-01 00:56:02+00:00,99.99497810183506,1
2020-01-01 00:56:05+00:00,100.03937353559975,8
2020-01-01 00:56:06+00:00,99.94566689998722,6
2020-01-01 00:56:09+00:00,100.00543539783772,2
2020-01-01 00:56:11+00:00,99.96668241758766,6
2020-01-01 00:56:13+00:00,99.93846264903166,7
2020-01-01 00:56:14+00:00,99.95300964431091,4
2020-01-01 00:56:17+00:00,99.96754975499393,7
2020-01-01 00:56:18+00:00,99.9464233993688,4
2020-01-01 00:56:21+00:00,99.92825494614846,4
2020-01-01 00:56:23+00:00,100.00632242122416,6
2020-01-01 00:56:25+00:00,99.97651439313655,4
2020-01-01 00:56:27+00:00,99.96923327179093,8
2020-01-01 00:56:29+00:00,99.96126719721707,7
2020-01-01 00:56:30+00:00,99.93383736454747,8
2020-01-01 00:56:32+00:00,99.97239424898369,4
2020-01-01 00:56:35+00:00,100.02988355994798,8
2020-01-01 00:56:36+00:00,100.0024995072325,9
2020-01-01 00:56:38+00:00,99.9886843885103,5
2020-01-01 00:56:41+00:00,100.00744773563933,3
2020-01-01 00:56:43+00:00,99.97324804706237,3
2020-01-01 00:56:44+00:00,100.05733886070888,9
2020-01-01 00:56:46+00:00,100.02092338515403,7
2020-01-01 00:56:49+00:00,100.09895130865534,8
2020-01-01 00:56:50+00:00,100.08640871447146,2
2020-01-01 00:56:53+00:00,100.04688791060441,8
2020-01-01 00:56:54+00:00,100.0468288950521,1
2020-01-01 00:56:56+00:00,100.0394473202125,7
2020-01-01 00:56:59+00:00,100.07865255411055,2
2020-01-01 00:57:01+00:00,100.15994391573382,3
2020-01-01 00:57:02+00:00,100.1655161131041,1
2020-01-01 00:57:04+00:00,100.12691509063832,6
2020-01-01 00:57:07+00:00,100.11627664917741,4
2020-01-01 00:57:08+00:00,100.1515430305455,3
2020-01-01 00:57:11+00:00,100.12306195073096,4
2020-01-01 00:57:12+00:00,100.11042504417031,9
2020-01-01 00:57:15+00:00,100.06254659797045,9
2020-01-01 00:57:17+00:00,100.03619647544329,6
2020-01-01 00:57:18+00:00,100.04013573123987,8
2020-01-01 00:57:21+00:00,100.08227659069577,9
2020-01-01 00:57:23+00:00,100.10812420499416,8
2020-01-01 00:57:25+00:00,100.13735619006066,1
2020-01-01 00:57:27+00:00,100.14050236136748,7
2020-01-01 00:57:28+00:00,100.10823553718248,5
2020-01-01 00:57:31+00:00,100.1134165003681,2
2020-01-01 00:57:32+00:00,100.03429132135471,5
2020-01-01 00:57:34+00:00,100.09458744198118,2
2020-01-01 00:57:37+00:00,100.05739230714836,7
2020-01-01 00:57:38+00:00,100.08353052187357,8
2020-01-01 00:57:41+00:00,100.07900610354467,6
2020-01-01 00:57:42+00:00,100.04484368153386,7
2020-01-01 00:57:44+00:00,100.06041049299219,4
2020-01-01 00:57:46+00:00,100.07828046511212,1
2020-01-01 00:57:49+00:00,100.10096421412115,3
2020-01-01 00:57:51+00:00,100.09887238452089,4
2020-01-01 00:57:52+00:00,100.08080411049467,2
2020-01-01 00:57:54+00:00,100.07378764438904,3
2020-01-01 00:57:57+00:00,100.05308504347953,9
2020-01-01 00:57:58+00:00,100.03567289009284,5
2020-01-01 00:58:01+00:00,100.10601590944411,9
2020-01-01 00:58:02+00:00,100.0850958393946,5
2020-01-01 00:58:05+00:00,100.10171060141015,2
2020-01-01 00:58:06+00:00,100.06098082353749,5
2020-01-01 00:58:09+00:00,100.08005722736524,9
2020-01-01 00:58:10+00:00,100.16603749262659,6
2020-01-01 00:58:12+00:00,100.16984617037174,4
2020-01-01 00:58:15+00:00,100.18563070216038,7
2020-01-01 00:58:17+00:00,100.12956842574195,7
2020-01-01 00:58:18+00:00,100.10482176430294,9
2020-01-01 00:58:21+00:00,100.12626060994985,8
2020-01-01 00:58:22+00:00,100.13751667212108,5
2020-01-01 00:58:25+00:00,100.17194796627544,8
2020-01-01 00:58:27+00:00,100.25879452919698,4
2020-01-01 00:58:29+00:00,100.23383828093885,4
2020-01-01 00:58:30+00:00,100.28117539186462,8
2020-01-01 00:58:33+00:00,100.26038128515103,9
2020-01-01 00:58:34+00:00,100.24759539736134,1
2020-01-01 00:58:36+00:00,100.2495884778409,9
2020-01-01 00:58:39+00:00,100.23848518098717,7
2020-01-01 00:58:41+00:00,100.31142436449828,9
2020-01-01 00:58:43+00:00,100.23543009027075,1
2020-01-01 00:58:44+00:00,100.25306129644872,9
2020-01-01 00:58:47+00:00,100.27885187121197,3
2020-01-01 00:58:49+00:00,100.2705428220813,7
2020-01-01 00:58:50+00:00,100.22199990646337,9
2020-01-01 00:58:53+00:00,100.2751495719308,2
2020-01-01 00:58:54+00:00,100.20112480719034,3
2020-01-01 00:58:56+00:00,100.18130439967935,8
2020-01-01 00:58:58+00:00,100.2586821098789,1
2020-01-01 00:59:01+00:00,100.23539132789534,5
2020-01-01 00:59:02+00:00,100.24041022187353,2
2020-01-01 00:59:05+00:00,100.23646026145478,2
2020-01-01 00:59:06+00:00,100.19234502995889,9
2020-01-01 00:59:08+00:00,100.1371015320422,8
2020-01-01 00:59:10+00:00,100.19853397706925,4
2020-01-01 00:59:13+00:00,100.17752884400232,4
2020-01-01 00:59:15+00:00,100.20626110981104,4
2020-01-01 00:59:16+00:00,100.1743728813924,8
2020-01-01 00:59:18+00:00,100.1218831333314,9
2020-01-01 00:59:20+00:00,100.10825583704676,5
2020-01-01 00:59:22+00:00,100.13405628483052,8
2020-01-01 00:59:25+00:00,100.1790294592654,7
2020-01-01 00:59:27+00:00,100.15267552333808,3
2020-01-01 00:59:28+00:00,100.13099783227338,3
2020-01-01 00:59:30+00:00,100.13879561701985,2
2020-01-01 00:59:33+00:00,100.10253560813486,6
2020-01-01 00:59:34+00:00,100.07308154629258,9
2020-01-01 00:59:36+00:00,100.08911956732759,8
2020-01-01 00:59:38+00:00,100.08135881881103,4
2020-01-01 00:59:41+00:00,100.0841566304801,2
2020-01-01 00:59:43+00:00,100.1484529012644,5
2020-01-01 00:59:45+00:00,100.13966873619576,6
2020-01-01 00:59:47+00:00,100.07959729233352,2
2020-01-01 00:59:48+00:00,100.02678948682107,3
2020-01-01 00:59:51+00:00,100.0303963641856,4
2020-01-01 00:59:53+00:00,100.01602953805643,6
2020-01-01 00:59:55+00:00,100.05942304029035,9
2020-01-01 00:59:56+00:00,100.02870735252161,5
2020-01-01 00:59:58+00:00,100.02486036647515,9
2020-01-01 01:00:01+00:00,100.07482380693037,1
2020-01-01 01:00:02+00:00,100.0482243443281,2
2020-01-01 01:00:04+00:00,100.11019000542798,1
2020-01-01 01:00:07+00:00,100.04770858963099,6
2020-01-01 01:00:09+00:00,100.03131981745148,1
2020-01-01 01:00:11+00:00,100.06983984810526,2
2020-01-01 01:00:13+00:00,100.01349307377988,4
2020-01-01 01:00:15+00:00,99.98514780547708,5
2020-01-01 01:00:17+00:00,100.06101953741091,4
2020-01-01 01:00:19+00:00,100.00088413264803,8
2020-01-01 01:00:21+00:00,100.0577268487819,9
2020-01-01 01:00:23+00:00,100.03907706955178,3
2020-01-01 01:00:24+00:00,100.02927137799381,2
2020-01-01 01:00:26+00:00,100.03570857069079,6
2020-01-01 01:00:28+00:00,100.01063468544258,7
2020-01-01 01:00:31+00:00,99.95691145761442,2
2020-01-01 01:00:32+00:00,100.00113739492063,1
2020-01-01 01:00:34+00:00,100.0346398029531,3
2020-01-01 01:00:36+00:00,99.9482297226126,7
2020-01-01 01:00:38+00:00,100.00640116761456,6
2020-01-01 01:00:40+00:00,99.93342595022052,2
2020-01-01 01:00:43+00:00,100.01017774577849,4
2020-01-01 01:00:45+00:00,100.01018315998115,6
2020-01-01 01:00:47+00:00,99.96134107003071,2
2020-01-01 01:00:49+00:00,99.94642305204407,3
2020-01-01 01:00:51+00:00,99.99659384134084,3
2020-01-01 01:00:52+00:00,99.98488960453531,3
2020-01-01 01:00:54+00:00,99.91100236156234,7
2020-01-01 01:00:57+00:00,99.92441466822669,9
2020-01-01 01:00:58+00:00,99.87570717517038,4
2020-01-01 01:01:01+00:00,99.90633602998486,7
2020-01-01 01:01:02+00:00,99.92738665299271,6
2020-01-01 01:01:04+00:00,99.97203756281475,7
2020-01-01 01:01:07+00:00,99.9684942022225,3
2020-01-01 01:01:08+00:00,99.94649255605984,9
2020-01-01 01:01:11+00:00,99.95721918583423,6
2020-01-01 01:01:13+00:00,99.91715043295123,1
2020-01-01 01:01:14+00:00,99.95011311038982,1
2020-01-01 01:01:17+00:00,100.00120520672934,9
2020-01-01 01:01:19+00:00,99.99836634303128,1
2020-01-01 01:01:21+00:00,99.98412752439837,4
2020-01-01 01:01:22+00:00,99.9941849245645,2
2020-01-01 01:01:25+00:00,99.97807477502327,8
2020-01-01 01:01:26+00:00,99.98140227316243,8
2020-01-01 01:01:28+00:00,100.04173306551462,9
2020-01-01 01:01:31+00:00,100.02395681322388,2
2020-01-01 01:01:32+00:00,100.05226118031267,7
2020-01-01 01:01:34+00:00,99.99674195513924,4
2020-01-01 01:01:37+00:00,99.98031965070177,7
2020-01-01 01:01:38+00:00,99.99394732274419,9
2020-01-01 01:01:41+00:00,100.01825491588062,2
2020-01-01 01:01:42+00:00,99.94699133358546,3
2020-01-01 01:01:44+00:00,100.0571785358112,4
2020-01-01 01:01:47+00:00,100.07747997602686,2
2020-01-01 01:01:49+00:00,100.05299520180374,4
2020-01-01 01:01:51+00:00,99.97594865045298,3
2020-01-01 01:01:53+00:00,100.04240214506227,1
2020-01-01 01:01:55+00:00,100.03050208917512,5
2020-01-01 01:01:57+00:00,99.97096969262009,6
2020-01-01 01:01:59+00:00,100.02429972945582,9
2020-01-01 01:02:01+00:00,99.96496969911969,8
2020-01-01 01:02:02+00:00,99.96603426947007,1
2020-01-01 01:02:05+00:00,99.96777645635768,8
2020-01-01 01:02:06+00:00,99.99639167128664,5
2020-01-01 01:02:09+00:00,99.96023986787318,3
2020-01-01 01:02:11+00:00,99.93958861601739,1
2020-01-01 01:02:12+00:00,100.01942642401458,9
2020-01-01 01:02:15+00:00,100.00696538080301,9
2020-01-01 01:02:16+00:00,100.01626632257545,5
2020-01-01 01:02:18+00:00,99.99315236895083,5
2020-01-01 01:02:20+00:00,99.99036485487123,7
2020-01-01 01:02:22+00:00,100.04524615622499,7
2020-01-01 01:02:24+00:00,100.02655990873598,2
2020-01-01 01:02:27+00:00,100.06809659825758,3
2020-01-01 01:02:29+00:00,100.01096241738873,4
2020-01-01 01:02:31+00:00,99.98494603238956,5
2020-01-01 01:02:33+00:00,99.97802231695906,1
2020-01-01 01:02:34+00:00,100.04491646260264,8
2020-01-01 01:02:37+00:00,100.09817488140499,2
2020-01-01 01:02:39+00:00,100.10878125298545,2
2020-01-01 01:02:40+00:00,100.07407550731232,8
2020-01-01 01:02:43+00:00,100.12842854948592,2
2020-01-01 01:02:45+00:00,100.06520093698377,4
2020-01-01 01:02:46+00:00,100.06775005493806,3
2020-01-01 01:02:49+00:00,100.12296706595195,2
2020-01-01 01:02:51+00:00,100.10400037217332,8
2020-01-01 01:02:52+00:00,100.0589794844756,5
2020-01-01 01:02:55+00:00,100.06109229180737,9
2020-01-01 01:02:56+00:00,100.07370906048905,9
2020-01-01 01:02:58+00:00,100.01291698958609,7
2020-01-01 01:03:01+00:00,99.96127281508423,7
2020-01-01 01:03:02+00:00,100.00168035144185,3
2020-01-01 01:03:04+00:00,100.01722827323957,3
2020-01-01 01:03:06+00:00,100.01011784393947,3
2020-01-01 01:03:09+00:00,100.00990378024436,9
2020-01-01 01:03:11+00:00,100.00204438809733,7
2020-01-01 01:03:13+00:00,100.0567666468749,3
2020-01-01 01:03:15+00:00,100.01274515428256,5
2020-01-01 01:03:17+00:00,100.07204406508383,9
2020-01-01 01:03:19+00:00,100.08800227337287,4
2020-01-01 01:03:21+00:00,100.07899714634021,7
2020-01-01 01:03:23+00:00,100.09023561067163,9
2020-01-01 01:03:24+00:00,100.02128699450952,9
2020-01-01 01:03:26+00:00,100.00901269713918,3
2020-01-01 01:03:28+00:00,100.00547099528674,7
2020-01-01 01:03:31+00:00,100.00238705008057,8
2020-01-01 01:03:32+00:00,100.00559410716295,6
2020-01-01 01:03:34+00:00,100.04650780030637,2
2020-01-01 01:03:36+00:00,100.02301826163782,2
2020-01-01 01:03:39+00:00,100.10656741560183,9
2020-01-01 01:03:41+00:00,100.04984101936154,6
2020-01-01 01:03:42+00:00,100.09323789867415,3
2020-01-01 01:03:44+00:00,100.13831766928378,1
2020-01-01 01:03:46+00:00,100.07245959909241,9
2020-01-01 01:03:48+00:00,100.15358519608344,1
2020-01-01 01:03:51+00:00,100.12442049659488,7
2020-01-01 01:03:52+00:00,100.0826743139682,2
2020-01-01 01:03:55+00:00,100.11056176701499,8
2020-01-01 01:03:56+00:00,100.09314388686542,5
2020-01-01 01:03:58+00:00,100.08370309945911,6
2020-01-01 01:04:00+00:00,100.14200530407963,1
2020-01-01 01:04:02+00:00,100.13198095305454,1
2020-01-01 01:04:04+00:00,100.12023100307158,1
2020-01-01 01:04:07+00:00,100.15181799227817,4
2020-01-01 01:04:08+00:00,100.15087141173932,4
2020-01-01 01:04:10+00:00,100.1466061520204,9
2020-01-01 01:04:13+00:00,100.16911863149365,5
2020-01-01 01:04:14+00:00,100.12863024357569,2
2020-01-01 01:04:17+00:00,100.15452674195724,3
2020-01-01 01:04:18+00:00,100.12140684870775,5
2020-01-01 01:04:21+00:00,100.24352506353891,7
2020-01-01 01:04:23+00:00,100.18265335068702,5
2020-01-01 01:04:25+00:00,100.17979107248284,6
2020-01-01 01:04:26+00:00,100.16424209469076,4
2020-01-01 01:04:29+00:00,100.21743169600191,7
2020-01-01 01:04:31+00:00,100.18160510762033,3
2020-01-01 01:04:33+00:00,100.1258985468182,1
2020-01-01 01:04:34+00:00,100.1837007058106,3
2020-01-01 01:04:37+00:00,100.13077909076023,8
2020-01-01 01:04:39+00:00,100.18045697299135,2
2020-01-01 01:04:41+00:00,100.15937111967439,3
2020-01-01 01:04:42+00:00,100.21324808798809,3
2020-01-01 01:04:45+00:00,100.19884811044848,6
2020-01-01 01:04:47+00:00,100.14177105849393,1
2020-01-01 01:04:48+00:00,100.17036741353282,6
2020-01-01 01:04:51+00:00,100.18769993523404,7
2020-01-01 01:04:53+00:00,100.1342822821797,5
2020-01-01 01:04:54+00:00,100.14723688708567,9
2020-01-01 01:04:57+00:00,100.1735189643353,6
2020-01-01 01:04:58+00:00,100.17128658939633,2
2020-01-01 01:05:01+00:00,100.15352786187049,5
2020-01-01 01:05:03+00:00,100.16359655019004,1
2020-01-01 01:05:05+00:00,100.13427484566964,8
2020-01-01 01:05:06+00:00,100.14591351327086,4
2020-01-01 01:05:09+00:00,100.12148266138112,9
2020-01-01 01:05:11+00:00,100.07698848808809,1
2020-01-01 01:05:13+00:00,100.08472840319418,9
2020-01-01 01:05:14+00:00,100.106579940206,4
2020-01-01 01:05:17+00:00,100.09690981478367,9
2020-01-01 01:05:19+00:00,100.11041161716089,3
2020-01-01 01:05:21+00:00,100.11655217361333,5
2020-01-01 01:05:22+00:00,100.16784339540976,6
2020-01-01 01:05:25+00:00,100.15893520925104,5
2020-01-01 01:05:27+00:00,100.18242651055624,7
2020-01-01 01:05:28+00:00,100.1512909902138,2
2020-01-01 01:05:31+00:00,100.10936791636026,8
2020-01-01 01:05:33+00:00,100.13806130638173,1
2020-01-01 01:05:34+00:00,100.14516770627357,7
2020-01-01 01:05:36+00:00,100.11614271852343,3
2020-01-01 01:05:39+00:00,100.09105362162241,8
2020-01-01 01:05:41+00:00,100.07984074439182,7
2020-01-01 01:05:43+00:00,100.08929770045874,9
2020-01-01 01:05:44+00:00,100.06907427149511,4
2020-01-01 01:05:46+00:00,100.07710892895487,4
2020-01-01 01:05:49+00:00,100.09053892523502,7
2020-01-01 01:05:50+00:00,100.06833954677235,2
2020-01-01 01:05:53+00:00,100.08829663385248,3
2020-01-01 01:05:54+00:00,100.04772351059827,2
2020-01-01 01:05:57+00:00,100.05350127467108,3
2020-01-01 01:05:58+00:00,100.14233129293198,5
2020-01-01 01:06:00+00:00,100.1238049778113,7
2020-01-01 01:06:03+00:00,100.09529022184094,7
2020-01-01 01:06:04+00:00,100.10016714363846,2
2020-01-01 01:06:06+00:00,100.08103156632185,8
2020-01-01 01:06:09+00:00,100.08514877405558,2
2020-01-01 01:06:11+00:00,100.10609961578767,2
2020-01-01 01:06:12+00:00,100.14754350518756,5
2020-01-01 01:06:15+00:00,100.11781699323832,5
2020-01-01 01:06:16+00:00,100.1199716313948,9
2020-01-01 01:06:19+00:00,100.11375991560945,1
2020-01-01 01:06:20+00:00,100.11615842289136,1
2020-01-01 01:06:23+00:00,100.14736121297143,6
2020-01-01 01:06:25+00:00,100.15483688338911,7
2020-01-01 01:06:27+00:00,100.15792889452577,8
2020-01-01 01:06:29+00:00,100.14232377129404,3
2020-01-01 01:06:30+00:00,100.11909261783244,4
2020-01-01 01:06:32+00:00,100.18162531213952,8
2020-01-01 01:06:35+00:00,100.11227002360283,7
2020-01-01 01:06:36+00:00,100.0788991907308,2
2020-01-01 01:06:38+00:00,100.0441065101184,6
2020-01-01 01:06:41+00:00,100.11543459245195,3
2020-01-01 01:06:43+00:00,100.10081824465543,6
2020-01-01 01:06:44+00:00,100.0846363884218,1
2020-01-01 01:06:47+00:00,100.09202766372017,2
2020-01-01 01:06:48+00:00,100.06668141360893,2
2020-01-01 01:06:51+00:00,100.07684176287208,5
2020-01-01 01:06:52+00:00,100.10648263536513,4
2020-01-01 01:06:55+00:00,100.06189139114372,1
2020-01-01 01:06:57+00:00,100.10542013629043,3
2020-01-01 01:06:58+00:00,100.16384322277368,4
2020-01-01 01:07:00+00:00,100.14970971742706,7
2020-01-01 01:07:03+00:00,100.0868781932379,1
2020-01-01 01:07:05+00:00,100.12223372965552,1
2020-01-01 01:07:06+00:00,100.09004150760194,9
2020-01-01 01:07:09+00:00,100.0635137086091,3
2020-01-01 01:07:10+00:00,100.12028940495192,4
2020-01-01 01:07:12+00:00,100.13191559274931,4
2020-01-01 01:07:14+00:00,100.1021962048002,3
2020-01-01 01:07:16+00:00,100.11079217330621,3
2020-01-01 01:07:19+00:00,100.11407404443317,9
2020-01-01 01:07:21+00:00,100.13636731272592,1
2020-01-01 01:07:23+00:00,100.09683928450596,4
2020-01-01 01:07:25+00:00,100.1491194769748,1
2020-01-01 01:07:26+00:00,100.16766793078779,5
2020-01-01 01:07:29+00:00,100.14788977932474,6
2020-01-01 01:07:30+00:00,100.12355423524922,8
2020-01-01 01:07:32+00:00,100.13362877194716,2
2020-01-01 01:07:34+00:00,100.17002468427498,5
2020-01-01 01:07:37+00:00,100.12110396626841,6
2020-01-01 01:07:38+00:00,100.1373839033772,4
2020-01-01 01:07:41+00:00,100.1773227407987,2
2020-01-01 01:07:42+00:00,100.17692405914536,7
2020-01-01 01:07:45+00:00,100.17829943245839,2
2020-01-01 01:07:47+00:00,100.20762087757124,3
2020-01-01 01:07:48+00:00,100.1823129412494,9
2020-01-01 01:07:50+00:00,100.18932176442257,2
2020-01-01 01:07:52+00:00,100.13509419607051,6
2020-01-01 01:07:54+00:00,100.17181424198422,7
2020-01-01 01:07:57+00:00,100.15498511790685,9
2020-01-01 01:07:58+00:00,100.16790180627022,5
2020-01-01 01:08:01+00:00,100.20473470918424,5
2020-01-01 01:08:03+00:00,100.19287260402956,9
2020-01-01 01:08:04+00:00,100.17429537792196,4
2020-01-01 01:08:06+00:00,100.20320945701023,5
2020-01-01 01:08:09+00:00,100.20499090082942,4
2020-01-01 01:08:10+00:00,100.1002080103102,9
2020-01-01 01:08:13+00:00,100.10880598820633,4
2020-01-01 01:08:14+00:00,100.17683240223934,1
2020-01-01 01:08:17+00:00,100.15439964366223,3
2020-01-01 01:08:19+00:00,100.10942994453107,1
2020-01-01 01:08:21+00:00,100.10617546114942,3
2020-01-01 01:08:22+00:00,100.17673844687793,4
2020-01-01 01:08:24+00:00,100.14804928470646,7
2020-01-01 01:08:27+00:00,100.13214107120619,8
2020-01-01 01:08:28+00:00,100.08451517372659,7
2020-01-01 01:08:30+00:00,100.10307892647833,5
2020-01-01 01:08:33+00:00,100.11481071569736,9
2020-01-01 01:08:35+00:00,100.08263986845586,6
2020-01-01 01:08:36+00:00,100.09451992538351,4
2020-01-01 01:08:38+00:00,100.01562911487446,4
2020-01-01 01:08:41+00:00,100.03726218645578,6
2020-01-01 01:08:43+00:00,100.0059493411258,4
2020-01-01 01:08:44+00:00,100.00162185139375,3
2020-01-01 01:08:47+00:00,100.07736486608431,3
2020-01-01 01:08:49+00:00,100.07033711339356,2
2020-01-01 01:08:51+00:00,100.07748198725386,3
2020-01-01 01:08:53+00:00,100.07588292179028,6
2020-01-01 01:08:54+00:00,100.08953499255145,1
2020-01-01 01:08:57+00:00,100.03647984154112,8
2020-01-01 01:08:58+00:00,100.08081487357319,7
2020-01-01 01:09:00+00:00,100.01252719468239,6
2020-01-01 01:09:03+00:00,100.07588027624352,3
2020-01-01 01:09:04+00:00,100.04328205233556,3
2020-01-01 01:09:06+00:00,100.0810826524507,9
2020-01-01 01:09:09+00:00,100.04805179775641,2
2020-01-01 01:09:10+00:00,100.05755712670047,6
2020-01-01 01:09:12+00:00,100.09568863643362,1
2020-01-01 01:09:15+00:00,100.06021104702258,2
2020-01-01 01:09:17+00:00,100.08184032480615,2
2020-01-01 01:09:18+00:00,100.03980494631949,3
2020-01-01 01:09:21+00:00,100.02183186591358,1
2020-01-01 01:09:22+00:00,100.08260919964165,2
2020-01-01 01:09:24+00:00,100.08048988684567,5
2020-01-01 01:09:26+00:00,100.08886372865368,7
2020-01-01 01:09:29+00:00,100.08421199853947,4
2020-01-01 01:09:30+00:00,100.07256387711352,3
2020-01-01 01:09:33+00:00,100.120135592243,2
2020-01-01 01:09:34+00:00,100.10125647860451,6
2020-01-01 01:09:37+00:00,100.04130757326223,7
2020-01-01 01:09:39+00:00,100.0418752551778,4
2020-01-01 01:09:40+00:00,100.06736525962393,6
2020-01-01 01:09:42+00:00,100.09208073188248,4
2020-01-01 01:09:45+00:00,100.1669722341242,6
2020-01-01 01:09:46+00:00,100.15604537199475,8
2020-01-01 01:09:49+00:00,100.15856544605532,1
2020-01-01 01:09:51+00:00,100.18078720152234,5
2020-01-01 01:09:53+00:00,100.17890715131398,5
2020-01-01 01:09:55+00:00,100.16969147300898,3
2020-01-01 01:09:56+00:00,100.20093622373858,4
2020-01-01 01:09:59+00:00,100.19337557956383,2
2020-01-01 01:10:00+00:00,100.1934241659999,2
2020-01-01 01:10:02+00:00,100.17206743293389,3
2020-01-01 01:10:04+00:00,100.16534833243757,1
2020-01-01 01:10:07+00:00,100.13459054950094,2
2020-01-01 01:10:08+00:00,100.24185406015279,9
2020-01-01 01:10:11+00:00,100.23734731726809,6
2020-01-01 01:10:12+00:00,100.2817541151227,9
2020-01-01 01:10:14+00:00,100.20798602971885,7
2020-01-01 01:10:17+00:00,100.24642483169525,1
2020-01-01 01:10:19+00:00,100.23249715486581,6
2020-01-01 01:10:20+00:00,100.24240404142614,8
2020-01-01 01:10:22+00:00,100.2401659782523,7
2020-01-01 01:10:25+00:00,100.21915475219636,3
2020-01-01 01:10:27+00:00,100.28568712932112,7
2020-01-01 01:10:29+00:00,100.21337054554954,4
2020-01-01 01:10:30+00:00,100.21885517553483,6
2020-01-01 01:10:33+00:00,100.23209439365618,3
2020-01-01 01:10:35+00:00,100.17834214596374,2
2020-01-01 01:10:36+00:00,100.15594582500461,6
2020-01-01 01:10:39+00:00,100.19187023928247,6
2020-01-01 01:10:41+00:00,100.18117216467905,1
2020-01-01 01:10:43+00:00,100.18645198819682,1
2020-01-01 01:10:45+00:00,100.16628073956899,8
2020-01-01 01:10:46+00:00,100.2109958268483,5
2020-01-01 01:10:49+00:00,100.21232294101743,6
2020-01-01 01:10:51+00:00,100.22778382114929,2
2020-01-01 01:10:53+00:00,100.26249912833161,3
2020-01-01 01:10:55+00:00,100.23429398196518,7
2020-01-01 01:10:57+00:00,100.24529553875465,5
2020-01-01 01:10:58+00:00,100.22827854301723,7
2020-01-01 01:11:01+00:00,100.23331073954768,3
2020-01-01 01:11:02+00:00,100.27566157230216,3
2020-01-01 01:11:05+00:00,100.29796253388696,4
2020-01-01 01:11:07+00:00,100.31810286766411,6
2020-01-01 01:11:09+00:00,100.38588444893746,2
2020-01-01 01:11:10+00:00,100.34976985440595,7
2020-01-01 01:11:13+00:00,100.32491798295635,8
2020-01-01 01:11:15+00:00,100.31578437481467,5
2020-01-01 01:11:17+00:00,100.34026419615736,7
2020-01-01 01:11:19+00:00,100.32979289058818,3
2020-01-01 01:11:21+00:00,100.32413979771896,5
2020-01-01 01:11:23+00:00,100.34869817685897,2
2020-01-01 01:11:24+00:00,100.3447163487772,9
2020-01-01 01:11:27+00:00,100.422736406598,8
2020-01-01 01:11:29+00:00,100.38829565192782,5
2020-01-01 01:11:30+00:00,100.410096470834,1
2020-01-01 01:11:32+00:00,100.37153102619236,2
2020-01-01 01:11:34+00:00,100.39870419918674,2
2020-01-01 01:11:37+00:00,100.4192763129503,7
2020-01-01 01:11:38+00:00,100.41386022893771,8
2020-01-01 01:11:41+00:00,100.38673001087746,7
2020-01-01 01:11:43+00:00,100.45465983917629,1
2020-01-01 01:11:45+00:00,100.41150244655975,7
2020-01-01 01:11:46+00:00,100.45863766659332,2
